day_label,timestamp,mid_price,bid_price_1,ask_price_1,bid_ask_spread,rolling_volatility,momentum
-2,0,2000.0,1998,2002,4,,
-2,100,2001.0,2000,2002,2,0.7071067811865476,
-2,200,2000.5,1999,2002,3,0.5,
-2,300,2000.5,1999,2002,3,0.408248290463863,0.5
-2,400,2000.5,1999,2002,3,0.3535533905932738,-0.5
-2,500,2001.5,2001,2002,1,0.4472135954999691,1.0
-2,600,2000.5,1999,2002,3,0.4472135954999691,0.0
-2,700,2000.5,1999,2002,3,0.4472135954999691,0.0
-2,800,2001.5,2001,2002,1,0.5477225575051571,0.0
-2,900,2001.0,2000,2002,2,0.4999999999999787,0.5
-2,1000,2000.0,1999,2001,2,0.570087712549559,-0.5
-2,1100,2000.0,1999,2001,2,0.6519202405202409,-1.5
-2,1200,2000.5,1999,2002,3,0.6519202405202409,-0.5
-2,1300,2001.0,2000,2002,2,0.49999999999994316,1.0
-2,1400,2000.0,1999,2001,2,0.4472135954998896,0.0
-2,1500,2000.5,1999,2002,3,0.41833001326696645,0.0
-2,1600,2000.5,1999,2002,3,0.35355339059317326,-0.5
-2,1700,2000.0,1999,2001,2,0.41833001326696645,0.0
-2,1800,2000.0,1999,2001,2,0.27386127875251043,-0.5
-2,1900,2001.5,2001,2002,1,0.6123724356957597,1.0
-2,2000,2000.0,1999,2001,2,0.6519202405202409,0.0
-2,2100,2001.0,2000,2002,2,0.7071067811865275,1.0
-2,2200,2000.5,1999,2002,3,0.6519202405202409,-1.0
-2,2300,2000.5,1999,2002,3,0.570087712549559,0.5
-2,2400,2000.5,1999,2002,3,0.3535533905932738,-0.5
-2,2500,2000.5,1999,2002,3,0.2236067977499726,0.0
-2,2600,2000.5,1999,2002,3,0.0,0.0
-2,2700,1999.0,1998,2000,2,0.670820393249939,-1.5
-2,2800,2000.0,1998,2002,4,0.6519202405202681,-0.5
-2,2900,2000.0,1998,2002,4,0.6123724356957887,-0.5
-2,3000,2000.0,1998,2002,4,0.5477225575051571,1.0
-2,3100,2001.5,2001,2002,1,0.8944271909999421,1.5
-2,3200,2000.0,1998,2002,4,0.670820393249992,0.0
-2,3300,2000.5,1999,2002,3,0.6519202405203226,0.5
-2,3400,1999.5,1998,2001,3,0.7582875444051898,-2.0
-2,3500,2000.5,2000,2001,1,0.7416198487096027,0.5
-2,3600,1999.5,1998,2001,3,0.5000000000000853,-1.0
-2,3700,1999.5,1998,2001,3,0.5477225575052543,0.0
-2,3800,2000.5,1999,2002,3,0.5477225575052543,0.0
-2,3900,2000.0,1999,2001,2,0.5000000000000853,0.5
-2,4000,2000.5,1999,2002,3,0.5000000000000853,1.0
-2,4100,2000.0,1999,2001,2,0.4183300132671363,-0.5
-2,4200,2000.5,1999,2002,3,0.2738612787527699,0.5
-2,4300,2000.5,1999,2002,3,0.2738612787527699,0.0
-2,4400,2000.0,1999,2001,2,0.2738612787527699,0.0
-2,4500,2000.5,1999,2002,3,0.2738612787527699,0.0
-2,4600,2000.5,1999,2002,3,0.22360679775021094,0.0
-2,4700,2000.5,1999,2002,3,0.22360679775021094,0.5
-2,4800,2000.5,1999,2002,3,0.22360679775021094,0.0
-2,4900,2000.5,1999,2002,3,0.0,0.0
-2,5000,2000.5,1999,2002,3,0.0,0.0
-2,5100,2000.5,1999,2002,3,0.0,0.0
-2,5200,2000.5,1999,2002,3,0.0,0.0
-2,5300,2000.5,1999,2002,3,0.0,0.0
-2,5400,2000.5,1999,2002,3,0.0,0.0
-2,5500,2001.5,2001,2002,1,0.4472135955000485,1.0
-2,5600,2001.0,2000,2002,2,0.4472135955000485,0.5
-2,5700,2000.0,1999,2001,2,0.5700877125496525,-0.5
-2,5800,2000.5,1999,2002,3,0.5700877125496525,-1.0
-2,5900,2000.5,1999,2002,3,0.5700877125496525,-0.5
-2,6000,2000.5,1999,2002,3,0.3535533905934245,0.5
-2,6100,2000.5,1999,2002,3,0.22360679775021094,0.0
-2,6200,2000.5,1999,2002,3,0.0,0.0
-2,6300,2000.0,1998,2002,4,0.22360679775021094,-0.5
-2,6400,1998.5,1998,1999,1,0.8660254037845002,-2.0
-2,6500,2000.5,1999,2002,3,0.8660254037845002,0.0
-2,6600,2000.5,1999,2002,3,0.8660254037845002,0.5
-2,6700,2000.5,1999,2002,3,0.8660254037845002,2.0
-2,6800,2000.5,1999,2002,3,0.8944271909999818,0.0
-2,6900,2000.5,1999,2002,3,0.0,0.0
-2,7000,2000.0,1999,2001,2,0.22360679775036982,-0.5
-2,7100,2000.5,1999,2002,3,0.22360679775036982,0.0
-2,7200,2000.5,1999,2002,3,0.22360679775036982,0.0
-2,7300,2000.5,1999,2002,3,0.22360679775036982,0.5
-2,7400,2001.5,2001,2002,1,0.5477225575053516,1.0
-2,7500,2000.5,1999,2002,3,0.4472135955002074,0.0
-2,7600,2000.5,1999,2002,3,0.4472135955002074,0.0
-2,7700,2000.5,1999,2002,3,0.4472135955002074,-1.0
-2,7800,2001.0,2000,2002,2,0.4472135955002074,0.5
-2,7900,2000.0,1998,2002,4,0.3535533905935752,-0.5
-2,8000,2000.0,1998,2002,4,0.4183300132673061,-0.5
-2,8100,2000.0,1998,2002,4,0.4472135955002074,-1.0
-2,8200,2001.0,2000,2002,2,0.5477225575053516,1.0
-2,8300,2000.5,1999,2002,3,0.4472135955002074,0.5
-2,8400,2000.0,1998,2002,4,0.4472135955002074,0.0
-2,8500,1999.0,1998,2000,2,0.7416198487096985,-2.0
-2,8600,1999.5,1998,2001,3,0.7905694150422207,-1.0
-2,8700,2001.0,2000,2002,2,0.7905694150422207,1.0
-2,8800,2001.0,2000,2002,2,0.8944271910000414,2.0
-2,8900,1999.5,1998,2001,3,0.9354143466936069,0.0
-2,9000,1999.0,1998,2000,2,0.9354143466936069,-2.0
-2,9100,1999.5,1998,2001,3,0.9354143466936069,-1.5
-2,9200,1999.5,1998,2001,3,0.7582875444053069,0.0
-2,9300,2000.0,1999,2001,2,0.35355339059362545,1.0
-2,9400,1999.0,1998,2000,2,0.4183300132673486,-0.5
-2,9500,1999.5,1998,2001,3,0.35355339059362545,0.0
-2,9600,2000.0,1999,2001,2,0.4183300132673486,0.0
-2,9700,1999.5,1998,2001,3,0.4183300132673486,0.5
-2,9800,1998.5,1997,2000,3,0.5700877125497771,-1.0
-2,9900,1998.0,1997,1999,2,0.8215838362578771,-2.0
-2,10000,1999.0,1997,2001,4,0.7905694150422207,-0.5
-2,10100,2000.0,1999,2001,2,0.7905694150422207,1.5
-2,10200,1999.5,1998,2001,3,0.7905694150422207,1.5
-2,10300,2000.5,2000,2001,1,0.9617692030836544,1.5
-2,10400,1999.5,1998,2001,3,0.5700877125496836,-0.5
-2,10500,1999.5,1998,2001,3,0.4472135955000882,0.0
-2,10600,1999.0,1998,2000,2,0.5477225575052543,-1.5
-2,10700,1999.5,1998,2001,3,0.5477225575052543,0.0
-2,10800,1999.5,1998,2001,3,0.2236067977501315,0.0
-2,10900,1999.5,1998,2001,3,0.2236067977501315,0.5
-2,11000,1999.5,1998,2001,3,0.2236067977501315,0.0
-2,11100,1999.5,1998,2001,3,0.0,0.0
-2,11200,1999.5,1998,2001,3,0.0,0.0
-2,11300,1999.5,1998,2001,3,0.0,0.0
-2,11400,1997.5,1997,1998,1,0.8944271909999222,-2.0
-2,11500,1999.0,1997,2001,4,0.8660254037844386,-0.5
-2,11600,1999.0,1997,2001,4,0.8215838362577474,-0.5
-2,11700,1999.0,1997,2001,4,0.7582875444051663,1.5
-2,11800,1999.5,1998,2001,3,0.7582875444051663,0.5
-2,11900,1999.5,1998,2001,3,0.27386127875264016,0.5
-2,12000,1999.5,1998,2001,3,0.27386127875264016,0.5
-2,12100,1999.5,1998,2001,3,0.22360679775005204,0.0
-2,12200,1999.0,1997,2001,4,0.22360679775005204,-0.5
-2,12300,1999.0,1997,2001,4,0.27386127875264016,-0.5
-2,12400,1999.0,1997,2001,4,0.27386127875264016,-0.5
-2,12500,1999.5,1998,2001,3,0.27386127875264016,0.5
-2,12600,1999.5,1998,2001,3,0.27386127875264016,0.5
-2,12700,1999.5,1998,2001,3,0.27386127875264016,0.5
-2,12800,1999.5,1998,2001,3,0.22360679775005204,0.0
-2,12900,2000.5,2000,2001,1,0.4472135954999691,1.0
-2,13000,2000.5,2000,2001,1,0.5477225575051571,1.0
-2,13100,2000.0,1999,2001,2,0.4999999999999787,0.5
-2,13200,1999.5,1998,2001,3,0.4999999999999787,-1.0
-2,13300,1999.5,1998,2001,3,0.4999999999999787,-1.0
-2,13400,2000.0,1998,2002,4,0.4183300132670089,0.0
-2,13500,1999.0,1998,2000,2,0.4183300132670089,-0.5
-2,13600,2000.5,1999,2002,3,0.5700877125495278,1.0
-2,13700,1999.5,1998,2001,3,0.5700877125495278,-0.5
-2,13800,2000.0,1998,2002,4,0.5700877125495278,1.0
-2,13900,1999.5,1998,2001,3,0.5700877125495278,-1.0
-2,14000,1999.5,1998,2001,3,0.4472135954998896,0.0
-2,14100,1999.5,1998,2001,3,0.22360679774981373,-0.5
-2,14200,1999.5,1998,2001,3,0.22360679774981373,0.0
-2,14300,1999.5,1998,2001,3,0.0,0.0
-2,14400,1999.5,1998,2001,3,0.0,0.0
-2,14500,1999.5,1998,2001,3,0.0,0.0
-2,14600,1999.5,1998,2001,3,0.0,0.0
-2,14700,1999.0,1998,2000,2,0.22360679774981373,-0.5
-2,14800,1999.5,1998,2001,3,0.22360679774981373,0.0
-2,14900,1999.5,1998,2001,3,0.22360679774981373,0.0
-2,15000,1999.5,1998,2001,3,0.22360679774981373,0.5
-2,15100,1999.5,1998,2001,3,0.22360679774981373,0.0
-2,15200,1999.5,1998,2001,3,0.0,0.0
-2,15300,2000.0,1998,2002,4,0.22360679774981373,0.5
-2,15400,2000.0,1998,2002,4,0.27386127875244554,0.5
-2,15500,1999.0,1998,2000,2,0.418330013266924,-0.5
-2,15600,2000.0,1998,2002,4,0.4472135954998499,0.0
-2,15700,1999.5,1998,2001,3,0.4472135954998499,-0.5
-2,15800,1999.5,1998,2001,3,0.418330013266924,0.5
-2,15900,1999.5,1998,2001,3,0.353553390593123,-0.5
-2,16000,1999.0,1998,2000,2,0.353553390593123,-0.5
-2,16100,2000.5,2000,2001,1,0.5477225575050921,1.0
-2,16200,2001.0,2000,2002,2,0.8215838362576826,1.5
-2,16300,2000.0,1998,2002,4,0.7905694150420184,1.0
-2,16400,1998.5,1998,1999,1,1.036822067666319,-2.0
-2,16500,1999.5,1998,2001,3,0.9617692030835067,-1.5
-2,16600,1999.5,1998,2001,3,0.9082951062291943,-0.5
-2,16700,1999.5,1998,2001,3,0.5477225575050921,1.0
-2,16800,1999.5,1998,2001,3,0.4472135954998896,0.0
-2,16900,1999.5,1998,2001,3,0.0,0.0
-2,17000,2000.0,1998,2002,4,0.22360679774989317,0.5
-2,17100,2000.0,1998,2002,4,0.27386127875251043,0.5
-2,17200,1999.5,1998,2001,3,0.27386127875251043,0.0
-2,17300,1999.5,1998,2001,3,0.27386127875251043,-0.5
-2,17400,1999.5,1998,2001,3,0.27386127875251043,-0.5
-2,17500,1999.5,1998,2001,3,0.22360679774989317,0.0
-2,17600,1999.5,1998,2001,3,0.0,0.0
-2,17700,1999.5,1998,2001,3,0.0,0.0
-2,17800,1999.5,1998,2001,3,0.0,0.0
-2,17900,1999.5,1998,2001,3,0.0,0.0
-2,18000,2000.0,1999,2001,2,0.22360679774989317,0.5
-2,18100,1999.5,1998,2001,3,0.22360679774989317,0.0
-2,18200,1999.5,1998,2001,3,0.22360679774989317,0.0
-2,18300,1999.0,1998,2000,2,0.3535533905932235,-1.0
-2,18400,1999.5,1998,2001,3,0.3535533905932235,0.0
-2,18500,1999.0,1998,2000,2,0.27386127875251043,-0.5
-2,18600,2000.0,1998,2002,4,0.41833001326696645,1.0
-2,18700,2000.5,1999,2002,3,0.6519202405202409,1.0
-2,18800,2000.0,1998,2002,4,0.570087712549559,1.0
-2,18900,1999.0,1998,2000,2,0.670820393249939,-1.0
-2,19000,2000.5,1999,2002,3,0.6123724356957887,0.0
-2,19100,1999.5,1999,2000,1,0.6519202405202681,-0.5
-2,19200,1998.5,1998,1999,1,0.7905694150421083,-0.5
-2,19300,2000.5,1999,2002,3,0.8944271909999421,0.0
-2,19400,2000.0,1998,2002,4,0.8366600265341154,0.5
-2,19500,2000.0,1998,2002,4,0.7582875444051898,1.5
-2,19600,2000.0,1998,2002,4,0.7582875444051898,-0.5
-2,19700,2000.0,1998,2002,4,0.2236067977501315,0.0
-2,19800,2000.0,1998,2002,4,0.0,0.0
-2,19900,2000.5,1999,2002,3,0.2236067977501315,0.5
-2,20000,2000.5,1999,2002,3,0.273861278752705,0.5
-2,20100,2000.0,1999,2001,2,0.273861278752705,0.0
-2,20200,2000.5,1999,2002,3,0.273861278752705,0.0
-2,20300,2001.5,2001,2002,1,0.5477225575052543,1.0
-2,20400,2000.0,1998,2002,4,0.6123724356958757,0.0
-2,20500,1999.0,1998,2000,2,0.9082951062293116,-1.5
-2,20600,2000.0,1998,2002,4,0.9082951062293116,-1.5
-2,20700,1999.5,1998,2001,3,0.93541434669355,-0.5
-2,20800,2000.0,1999,2001,2,0.4472135955000882,1.0
-2,20900,2000.5,1999,2002,3,0.5700877125496836,0.5
-2,21000,2000.0,1998,2002,4,0.35355339059347474,0.5
-2,21100,2000.5,1999,2002,3,0.4183300132672212,0.5
-2,21200,2000.0,1998,2002,4,0.2738612787528996,-0.5
-2,21300,2000.5,1999,2002,3,0.2738612787528996,0.5
-2,21400,1999.0,1998,2000,2,0.6123724356959338,-1.5
-2,21500,2000.0,1998,2002,4,0.6123724356959338,0.0
-2,21600,1999.0,1998,2000,2,0.6708203932500715,-1.5
-2,21700,2000.0,1998,2002,4,0.6708203932500715,1.0
-2,21800,1999.0,1998,2000,2,0.5477225575053516,-1.0
-2,21900,1999.5,1998,2001,3,0.5000000000001918,0.5
-2,22000,1999.5,1998,2001,3,0.41833001326726366,-0.5
-2,22100,1999.5,1998,2001,3,0.353553390593525,0.5
-2,22200,1999.5,1998,2001,3,0.22360679775036982,0.0
-2,22300,1999.5,1998,2001,3,0.0,0.0
-2,22400,2001.0,2000,2002,2,0.6708203932500715,1.5
-2,22500,2000.5,1999,2002,3,0.7071067811866781,1.0
-2,22600,1998.5,1998,1999,1,0.9746794344809817,-1.0
-2,22700,1999.5,1998,2001,3,0.9746794344809817,-1.5
-2,22800,1999.5,1998,2001,3,0.9746794344809817,-1.0
-2,22900,1998.5,1998,1999,1,0.8366600265341579,0.0
-2,23000,1999.5,1998,2001,3,0.5477225575052868,0.0
-2,23100,1999.0,1998,2000,2,0.44721359550012796,-0.5
-2,23200,1999.5,1998,2001,3,0.44721359550012796,1.0
-2,23300,2000.0,1999,2001,2,0.5700877125497148,0.5
-2,23400,1999.5,1998,2001,3,0.353553390593525,0.5
-2,23500,1999.5,1998,2001,3,0.353553390593525,0.0
-2,23600,1999.5,1998,2001,3,0.22360679775036982,-0.5
-2,23700,1999.0,1998,2000,2,0.353553390593525,-0.5
-2,23800,1999.5,1998,2001,3,0.22360679775036982,0.0
-2,23900,1999.5,1998,2001,3,0.22360679775036982,0.0
-2,24000,2000.5,2000,2001,1,0.5477225575053516,1.5
-2,24100,1999.5,1998,2001,3,0.5477225575053516,0.0
-2,24200,1999.0,1998,2000,2,0.5477225575053516,-0.5
-2,24300,1999.5,1998,2001,3,0.5477225575053516,-1.0
-2,24400,1999.5,1998,2001,3,0.5477225575053516,0.0
-2,24500,2000.5,2000,2001,1,0.5477225575053516,1.5
-2,24600,1999.5,1998,2001,3,0.5477225575053516,0.0
-2,24700,1999.0,1998,2000,2,0.5477225575053516,-0.5
-2,24800,1999.5,1998,2001,3,0.5477225575053516,-1.0
-2,24900,1999.5,1998,2001,3,0.5477225575053516,0.0
-2,25000,1999.5,1998,2001,3,0.22360679775036982,0.5
-2,25100,2000.5,2000,2001,1,0.5477225575053516,1.0
-2,25200,1999.5,1998,2001,3,0.4472135955002074,0.0
-2,25300,1999.0,1998,2000,2,0.5477225575053516,-0.5
-2,25400,1999.5,1998,2001,3,0.5477225575053516,-1.0
-2,25500,1999.5,1998,2001,3,0.5477225575053516,0.0
-2,25600,1999.0,1998,2000,2,0.2738612787528996,0.0
-2,25700,1999.5,1998,2001,3,0.2738612787528996,0.0
-2,25800,2000.0,1999,2001,2,0.353553390593525,0.5
-2,25900,1999.0,1998,2000,2,0.41833001326726366,0.0
-2,26000,1999.5,1998,2001,3,0.41833001326726366,0.0
-2,26100,1999.5,1998,2001,3,0.353553390593525,-0.5
-2,26200,2000.5,2000,2001,1,0.5700877125497148,1.5
-2,26300,1999.0,1998,2000,2,0.6123724356959338,-0.5
-2,26400,2000.0,1998,2002,4,0.5700877125497148,0.5
-2,26500,1999.5,1998,2001,3,0.5700877125497148,-1.0
-2,26600,2000.0,1998,2002,4,0.5700877125497148,1.0
-2,26700,1999.5,1999,2000,1,0.4183300132672212,-0.5
-2,26800,2000.5,2000,2001,1,0.4183300132672212,1.0
-2,26900,1999.5,1998,2001,3,0.44721359550012796,-0.5
-2,27000,1998.5,1998,1999,1,0.7416198487096506,-1.0
-2,27100,1999.5,1998,2001,3,0.707106781186628,-1.0
-2,27200,1999.0,1998,2000,2,0.7416198487096506,-0.5
-2,27300,1999.5,1998,2001,3,0.44721359550012796,1.0
-2,27400,1998.5,1998,1999,1,0.5000000000001563,-1.0
-2,27500,1999.5,1998,2001,3,0.44721359550012796,0.5
-2,27600,1999.0,1998,2000,2,0.4183300132672212,-0.5
-2,27700,2000.0,1999,2001,2,0.5700877125497148,1.5
-2,27800,1999.5,1998,2001,3,0.5700877125497148,0.0
-2,27900,1999.5,1998,2001,3,0.353553390593525,0.5
-2,28000,1999.5,1998,2001,3,0.353553390593525,-0.5
-2,28100,1998.0,1997,1999,2,0.75828754440526,-1.5
-2,28200,1999.5,1998,2001,3,0.6708203932500449,0.0
-2,28300,1998.0,1997,1999,2,0.8215838362578556,-1.5
-2,28400,1999.5,1998,2001,3,0.8215838362578556,1.5
-2,28500,1999.5,1998,2001,3,0.8215838362578556,0.0
-2,28600,1999.0,1997,2001,4,0.6519202405203771,1.0
-2,28700,1999.5,1998,2001,3,0.6519202405203771,0.0
-2,28800,1999.5,1999,2000,1,0.22360679775036982,0.0
-2,28900,1999.0,1997,2001,4,0.2738612787528996,0.0
-2,29000,1998.5,1997,2000,3,0.4183300132672212,-1.0
-2,29100,1998.5,1997,2000,3,0.5000000000001563,-1.0
-2,29200,1999.0,1998,2000,2,0.4183300132672212,0.0
-2,29300,1998.5,1997,2000,3,0.2738612787528996,0.0
-2,29400,1998.0,1996,2000,4,0.353553390593525,-0.5
-2,29500,1998.5,1997,2000,3,0.353553390593525,-0.5
-2,29600,1998.5,1997,2000,3,0.353553390593525,0.0
-2,29700,1998.5,1997,2000,3,0.22360679775036982,0.5
-2,29800,1998.5,1997,2000,3,0.22360679775036982,0.0
-2,29900,1998.0,1997,1999,2,0.22360679775036982,-0.5
-2,30000,1998.5,1997,2000,3,0.22360679775036982,0.0
-2,30100,1999.0,1998,2000,2,0.353553390593525,0.5
-2,30200,1998.5,1997,2000,3,0.353553390593525,0.5
-2,30300,1999.5,1999,2000,1,0.5700877125497148,1.0
-2,30400,1998.5,1997,2000,3,0.44721359550012796,-0.5
-2,30500,1998.5,1997,2000,3,0.44721359550012796,0.0
-2,30600,1998.5,1997,2000,3,0.44721359550012796,-1.0
-2,30700,1999.5,1998,2001,3,0.5477225575052868,1.0
-2,30800,1999.5,1998,2001,3,0.5477225575052868,1.0
-2,30900,1997.5,1997,1998,1,0.8366600265341579,-1.0
-2,31000,1999.0,1998,2000,2,0.8366600265341579,-0.5
-2,31100,1999.0,1998,2000,2,0.8215838362578339,-0.5
-2,31200,1999.0,1998,2000,2,0.75828754440526,1.5
-2,31300,2000.5,2000,2001,1,1.0606601717798916,1.5
-2,31400,1999.5,1998,2001,3,0.6519202405203771,0.5
-2,31500,1999.5,1998,2001,3,0.6123724356959047,0.5
-2,31600,1999.5,1998,2001,3,0.5477225575052868,-1.0
-2,31700,2000.5,2000,2001,1,0.5477225575052868,1.0
-2,31800,1999.5,1998,2001,3,0.44721359550012796,0.0
-2,31900,1999.0,1997,2001,4,0.5477225575052868,-0.5
-2,32000,1998.0,1997,1999,2,0.9082951062293116,-2.5
-2,32100,1998.0,1997,1999,2,1.060660171779875,-1.5
-2,32200,1999.5,1998,2001,3,0.7582875444052366,0.5
-2,32300,2000.5,2000,2001,1,1.060660171779875,2.5
-2,32400,1999.0,1997,2001,4,1.060660171779875,1.0
-2,32500,1998.0,1997,1999,2,1.060660171779875,-1.5
-2,32600,1999.5,1998,2001,3,0.9082951062293116,-1.0
-2,32700,1999.5,1999,2000,1,0.9082951062293116,0.5
-2,32800,1997.5,1997,1998,1,0.9082951062293116,-0.5
-2,32900,1999.0,1997,2001,4,0.9082951062293116,-0.5
-2,33000,1999.5,1998,2001,3,0.8660254037845002,0.0
-2,33100,1998.5,1997,2000,3,0.8366600265341367,1.0
-2,33200,1998.5,1997,2000,3,0.7416198487096266,-0.5
-2,33300,1998.5,1997,2000,3,0.4472135955000882,-1.0
-2,33400,1998.5,1997,2000,3,0.4472135955000882,0.0
-2,33500,1998.5,1997,2000,3,0.0,0.0
-2,33600,1998.5,1997,2000,3,0.0,0.0
-2,33700,1998.5,1997,2000,3,0.0,0.0
-2,33800,1998.5,1997,2000,3,0.0,0.0
-2,33900,1999.5,1999,2000,1,0.4472135955000882,1.0
-2,34000,1999.5,1999,2000,1,0.5477225575052543,1.0
-2,34100,1998.5,1997,2000,3,0.5477225575052543,0.0
-2,34200,1998.5,1997,2000,3,0.5477225575052543,-1.0
-2,34300,1998.5,1997,2000,3,0.5477225575052543,-1.0
-2,34400,1998.5,1997,2000,3,0.4472135955000882,0.0
-2,34500,1998.5,1997,2000,3,0.0,0.0
-2,34600,1998.5,1997,2000,3,0.0,0.0
-2,34700,1998.5,1997,2000,3,0.0,0.0
-2,34800,1998.0,1997,1999,2,0.22360679775029038,-0.5
-2,34900,1998.5,1997,2000,3,0.22360679775029038,0.0
-2,35000,1997.5,1997,1998,1,0.44721359550012796,-1.0
-2,35100,1998.5,1997,2000,3,0.44721359550012796,0.5
-2,35200,1998.0,1997,1999,2,0.4183300132672212,-0.5
-2,35300,1998.5,1997,2000,3,0.44721359550012796,1.0
-2,35400,1999.5,1998,2001,3,0.7416198487096506,1.0
-2,35500,1999.5,1998,2001,3,0.6708203932500185,1.5
-2,35600,1999.0,1997,2001,4,0.6519202405203499,0.5
-2,35700,1999.0,1997,2001,4,0.4183300132671363,-0.5
-2,35800,1999.5,1998,2001,3,0.2738612787527699,0.0
-2,35900,1999.5,1998,2001,3,0.2738612787527699,0.5
-2,36000,1999.0,1997,2001,4,0.2738612787527699,0.0
-2,36100,2000.0,1999,2001,2,0.4183300132671363,0.5
-2,36200,1997.5,1997,1998,1,0.9617692030835805,-2.0
-2,36300,1999.5,1998,2001,3,0.9617692030835805,0.5
-2,36400,1999.5,1998,2001,3,0.9617692030835805,-0.5
-2,36500,1999.0,1998,2000,2,0.9617692030835805,1.5
-2,36600,1999.5,1998,2001,3,0.8660254037844386,0.0
-2,36700,1999.5,1998,2001,3,0.2236067977499726,0.0
-2,36800,2000.0,1999,2001,2,0.3535533905932738,1.0
-2,36900,1999.5,1998,2001,3,0.3535533905932738,0.0
-2,37000,1999.0,1997,2001,4,0.3535533905932738,-0.5
-2,37100,1999.0,1997,2001,4,0.4183300132670514,-1.0
-2,37200,1999.5,1998,2001,3,0.4183300132670514,0.0
-2,37300,1998.5,1997,2000,3,0.4183300132670514,-0.5
-2,37400,1999.0,1997,2001,4,0.3535533905932738,0.0
-2,37500,1999.0,1997,2001,4,0.3535533905932738,-0.5
-2,37600,1999.0,1997,2001,4,0.3535533905932738,0.5
-2,37700,1998.5,1997,2000,3,0.27386127875257527,-0.5
-2,37800,1998.5,1997,2000,3,0.27386127875257527,-0.5
-2,37900,1998.5,1997,2000,3,0.27386127875257527,-0.5
-2,38000,1998.5,1997,2000,3,0.2236067977499726,0.0
-2,38100,1998.5,1997,2000,3,0.0,0.0
-2,38200,1998.5,1997,2000,3,0.0,0.0
-2,38300,1998.5,1997,2000,3,0.0,0.0
-2,38400,1998.5,1997,2000,3,0.0,0.0
-2,38500,1998.5,1997,2000,3,0.0,0.0
-2,38600,1998.5,1997,2000,3,0.0,0.0
-2,38700,1998.5,1998,1999,1,0.0,0.0
-2,38800,1999.0,1998,2000,2,0.2236067977499726,0.5
-2,38900,1998.5,1997,2000,3,0.2236067977499726,0.0
-2,39000,1998.5,1997,2000,3,0.2236067977499726,0.0
-2,39100,1998.5,1997,2000,3,0.2236067977499726,-0.5
-2,39200,1998.5,1997,2000,3,0.2236067977499726,0.0
-2,39300,1998.0,1997,1999,2,0.2236067977499726,-0.5
-2,39400,1998.5,1997,2000,3,0.2236067977499726,0.0
-2,39500,1999.5,1999,2000,1,0.5477225575051895,1.0
-2,39600,1998.5,1997,2000,3,0.5477225575051895,0.5
-2,39700,1998.5,1997,2000,3,0.5477225575051895,0.0
-2,39800,1997.5,1997,1998,1,0.7071067811865777,-2.0
-2,39900,1998.5,1997,2000,3,0.7071067811865777,0.0
-2,40000,1998.5,1997,2000,3,0.4472135955000088,0.0
-2,40100,1998.5,1997,2000,3,0.4472135955000088,1.0
-2,40200,1999.5,1999,2000,1,0.7071067811865777,1.0
-2,40300,1998.5,1997,2000,3,0.4472135955000088,0.0
-2,40400,1998.5,1997,2000,3,0.4472135955000088,0.0
-2,40500,1998.5,1997,2000,3,0.4472135955000088,-1.0
-2,40600,1998.5,1997,2000,3,0.4472135955000088,0.0
-2,40700,1999.0,1998,2000,2,0.2236067977501315,0.5
-2,40800,1998.5,1997,2000,3,0.2236067977501315,0.0
-2,40900,1997.5,1997,1998,1,0.5477225575052543,-1.0
-2,41000,1999.5,1999,2000,1,0.7416198487096506,0.5
-2,41100,1999.5,1999,2000,1,0.8366600265341579,1.0
-2,41200,1999.0,1998,2000,2,0.8366600265341579,1.5
-2,41300,1998.5,1997,2000,3,0.8366600265341579,-1.0
-2,41400,1998.0,1997,1999,2,0.6519202405204044,-1.5
-2,41500,1997.5,1997,1998,1,0.7905694150422207,-1.5
-2,41600,1998.0,1996,2000,4,0.570087712549746,-0.5
-2,41700,1998.5,1997,2000,3,0.4183300132673061,0.5
-2,41800,1998.0,1997,1999,2,0.3535533905935752,0.5
-2,41900,1997.5,1997,1998,1,0.4183300132673061,-0.5
-2,42000,1998.5,1997,2000,3,0.4183300132673061,0.0
-2,42100,1998.5,1997,2000,3,0.4472135955002074,0.5
-2,42200,1998.0,1996,2000,4,0.4183300132673061,0.5
-2,42300,1997.0,1996,1998,2,0.6519202405204588,-1.5
-2,42400,1998.0,1996,2000,4,0.6123724356959918,-0.5
-2,42500,1998.5,1997,2000,3,0.6123724356959918,0.5
-2,42600,1998.5,1997,2000,3,0.6123724356959918,1.5
-2,42700,1999.5,1999,2000,1,0.9082951062293899,1.5
-2,42800,1998.5,1997,2000,3,0.5477225575054165,0.0
-2,42900,1998.0,1997,1999,2,0.5477225575054165,-0.5
-2,43000,1998.5,1997,2000,3,0.5477225575054165,-1.0
-2,43100,1998.0,1997,1999,2,0.6123724356960207,-0.5
-2,43200,1999.0,1998,2000,2,0.4183300132673486,1.0
-2,43300,1999.0,1997,2001,4,0.5000000000002629,0.5
-2,43400,1999.0,1997,2001,4,0.4472135955002471,1.0
-2,43500,1999.5,1998,2001,3,0.547722557505384,0.5
-2,43600,1999.5,1998,2001,3,0.27386127875296445,0.5
-2,43700,2000.5,2000,2001,1,0.6123724356959628,1.5
-2,43800,1999.5,1998,2001,3,0.5477225575053516,0.0
-2,43900,1999.5,1998,2001,3,0.4472135955002074,0.0
-2,44000,1999.0,1998,2000,2,0.5477225575053516,-1.5
-2,44100,1999.5,1998,2001,3,0.5477225575053516,0.0
-2,44200,1999.5,1998,2001,3,0.22360679775036982,0.0
-2,44300,1999.0,1998,2000,2,0.2738612787528996,0.0
-2,44400,1999.0,1998,2000,2,0.2738612787528996,-0.5
-2,44500,1999.0,1998,2000,2,0.2738612787528996,-0.5
-2,44600,1999.5,1998,2001,3,0.2738612787528996,0.5
-2,44700,2000.5,2000,2001,1,0.6519202405203771,1.5
-2,44800,2000.5,2000,2001,1,0.7582875444052366,1.5
-2,44900,1999.5,1998,2001,3,0.6708203932500185,0.0
-2,45000,1999.5,1998,2001,3,0.5477225575052868,-1.0
-2,45100,1999.5,1998,2001,3,0.5477225575052868,-1.0
-2,45200,1999.5,1998,2001,3,0.44721359550012796,0.0
-2,45300,1999.5,1998,2001,3,0.0,0.0
-2,45400,1999.5,1998,2001,3,0.0,0.0
-2,45500,2000.5,2000,2001,1,0.44721359550012796,1.0
-2,45600,1999.5,1998,2001,3,0.44721359550012796,0.0
-2,45700,1999.5,1998,2001,3,0.44721359550012796,0.0
-2,45800,1999.5,1998,2001,3,0.44721359550012796,-1.0
-2,45900,1999.0,1998,2000,2,0.5477225575052868,-0.5
-2,46000,1999.0,1998,2000,2,0.2738612787527699,-0.5
-2,46100,1999.5,1998,2001,3,0.2738612787527699,0.0
-2,46200,1999.5,1999,2000,1,0.2738612787527699,0.5
-2,46300,2000.5,1999,2002,3,0.6123724356958757,1.5
-2,46400,2000.5,1999,2002,3,0.6708203932500185,1.0
-2,46500,2000.5,1999,2002,3,0.5477225575052868,1.0
-2,46600,2000.0,1998,2002,4,0.44721359550012796,-0.5
-2,46700,2000.5,1999,2002,3,0.22360679775029038,0.0
-2,46800,1998.5,1998,1999,1,0.8660254037845206,-2.0
-2,46900,2000.0,1999,2001,2,0.8215838362578339,0.0
-2,47000,1999.5,1998,2001,3,0.75828754440526,-1.0
-2,47100,1999.5,1998,2001,3,0.7416198487096746,1.0
-2,47200,2000.5,2000,2001,1,0.7416198487096746,0.5
-2,47300,1999.5,1998,2001,3,0.44721359550016765,0.0
-2,47400,1999.5,1998,2001,3,0.44721359550016765,0.0
-2,47500,2000.5,2000,2001,1,0.5477225575053192,0.0
-2,47600,2000.5,2000,2001,1,0.5477225575053192,1.0
-2,47700,1999.0,1998,2000,2,0.6708203932500449,-0.5
-2,47800,1999.5,1998,2001,3,0.6708203932500449,-1.0
-2,47900,1999.5,1998,2001,3,0.6708203932500449,-1.0
-2,48000,1999.5,1998,2001,3,0.5477225575052868,0.5
-2,48100,2000.5,2000,2001,1,0.5477225575052868,1.0
-2,48200,1999.0,1998,2000,2,0.5477225575052868,-0.5
-2,48300,1999.5,1998,2001,3,0.5477225575052868,0.0
-2,48400,1999.5,1998,2001,3,0.5477225575052868,-1.0
-2,48500,1999.5,1998,2001,3,0.5477225575052868,0.5
-2,48600,1999.0,1998,2000,2,0.2738612787527699,-0.5
-2,48700,1999.0,1998,2000,2,0.2738612787527699,-0.5
-2,48800,1999.5,1998,2001,3,0.2738612787527699,0.0
-2,48900,1999.5,1998,2001,3,0.2738612787527699,0.5
-2,49000,1999.5,1998,2001,3,0.2738612787527699,0.5
-2,49100,1999.5,1998,2001,3,0.22360679775021094,0.0
-2,49200,1999.5,1998,2001,3,0.0,0.0
-2,49300,1999.5,1998,2001,3,0.0,0.0
-2,49400,1999.5,1998,2001,3,0.0,0.0
-2,49500,2000.5,2000,2001,1,0.4472135955000485,1.0
-2,49600,1999.0,1998,2000,2,0.5477225575052219,-0.5
-2,49700,1999.5,1998,2001,3,0.5477225575052219,0.0
-2,49800,1999.5,1998,2001,3,0.5477225575052219,-1.0
-2,49900,1999.0,1998,2000,2,0.6123724356958468,0.0
-2,50000,2000.0,1999,2001,2,0.41833001326709385,0.5
-2,50100,1999.5,1998,2001,3,0.353553390593324,0.0
-2,50200,1999.5,1998,2001,3,0.353553390593324,0.5
-2,50300,2000.0,1999,2001,2,0.41833001326709385,0.0
-2,50400,2000.5,1999,2002,3,0.41833001326709385,1.0
-2,50500,1999.5,1998,2001,3,0.4472135955000088,0.0
-2,50600,2000.0,1998,2002,4,0.41833001326709385,0.0
-2,50700,1999.5,1998,2001,3,0.41833001326709385,-1.0
-2,50800,2000.0,1998,2002,4,0.41833001326709385,0.5
-2,50900,2000.5,1999,2002,3,0.41833001326709385,0.5
-2,51000,2000.5,1999,2002,3,0.41833001326709385,1.0
-2,51100,1999.5,1999,2000,1,0.5000000000000497,-0.5
-2,51200,2000.5,1999,2002,3,0.4472135955000088,0.0
-2,51300,2001.5,2001,2002,1,0.7071067811865777,1.0
-2,51400,2000.0,1999,2001,2,0.7416198487096027,0.5
-2,51500,2000.5,1999,2002,3,0.7416198487096027,0.0
-2,51600,2000.0,1999,2001,2,0.6123724356958178,-1.5
-2,51700,2000.5,1999,2002,3,0.6123724356958178,0.5
-2,51800,2000.0,1999,2001,2,0.27386127875264016,-0.5
-2,51900,2000.5,1999,2002,3,0.27386127875264016,0.5
-2,52000,2000.5,1999,2002,3,0.27386127875264016,0.0
-2,52100,2001.5,2001,2002,1,0.5477225575052219,1.5
-2,52200,2000.5,1999,2002,3,0.5477225575052219,0.0
-2,52300,2001.0,2000,2002,2,0.4472135955000485,0.5
-2,52400,2001.0,2000,2002,2,0.4183300132671363,-0.5
-2,52500,2001.0,1999,2003,4,0.35355339059337426,0.5
-2,52600,2000.0,1999,2001,2,0.4472135955000485,-1.0
-2,52700,2001.0,1999,2003,4,0.4472135955000485,0.0
-2,52800,2001.0,1999,2003,4,0.4472135955000485,0.0
-2,52900,2000.0,1999,2001,2,0.5477225575052219,0.0
-2,53000,2001.0,1999,2003,4,0.5477225575052219,0.0
-2,53100,2001.0,1999,2003,4,0.4472135955000485,0.0
-2,53200,2001.0,1999,2003,4,0.4472135955000485,1.0
-2,53300,2001.0,2000,2002,2,0.4472135955000485,0.0
-2,53400,2001.0,2000,2002,2,0.0,0.0
-2,53500,2002.5,2002,2003,1,0.6708203932500185,1.5
-2,53600,2001.5,2000,2003,3,0.6519202405203499,0.5
-2,53700,2001.5,2000,2003,3,0.6123724356958757,0.5
-2,53800,2000.5,2000,2001,1,0.7416198487096506,-2.0
-2,53900,2002.5,2001,2004,3,0.8366600265341367,1.0
-2,54000,2001.5,2001,2002,1,0.707106781186628,0.0
-2,54100,2002.5,2001,2004,3,0.8366600265341367,2.0
-2,54200,2002.5,2001,2004,3,0.8944271909999619,0.0
-2,54300,2002.5,2001,2004,3,0.4472135955000088,1.0
-2,54400,2001.0,2000,2002,2,0.7071067811865777,-1.5
-2,54500,2001.5,2000,2003,3,0.7071067811865777,-1.0
-2,54600,2001.5,2000,2003,3,0.6708203932499656,-1.0
-2,54700,2002.5,2002,2003,1,0.6708203932499656,1.5
-2,54800,2001.5,2000,2003,3,0.5477225575051895,0.0
-2,54900,2002.5,2001,2004,3,0.5477225575051895,1.0
-2,55000,2000.5,2000,2001,1,0.8366600265340942,-2.0
-2,55100,2002.5,2001,2004,3,0.8944271909999222,1.0
-2,55200,2002.5,2001,2004,3,0.8944271909999222,0.0
-2,55300,2002.5,2001,2004,3,0.8944271909999222,2.0
-2,55400,2002.5,2001,2004,3,0.8944271909999222,0.0
-2,55500,2002.5,2001,2004,3,0.0,0.0
-2,55600,2002.5,2001,2004,3,0.0,0.0
-2,55700,2002.5,2001,2004,3,0.0,0.0
-2,55800,2002.5,2001,2004,3,0.0,0.0
-2,55900,2002.5,2001,2004,3,0.0,0.0
-2,56000,2002.5,2001,2004,3,0.0,0.0
-2,56100,2002.5,2001,2004,3,0.0,0.0
-2,56200,2002.0,2001,2003,2,0.2236067977501315,-0.5
-2,56300,2002.5,2001,2004,3,0.2236067977501315,0.0
-2,56400,2002.5,2001,2004,3,0.2236067977501315,0.0
-2,56500,2002.5,2001,2004,3,0.2236067977501315,0.5
-2,56600,2002.0,2001,2003,2,0.273861278752705,-0.5
-2,56700,2002.5,2001,2004,3,0.2236067977501315,0.0
-2,56800,2002.0,2001,2003,2,0.273861278752705,-0.5
-2,56900,2002.5,2001,2004,3,0.273861278752705,0.5
-2,57000,2002.5,2001,2004,3,0.273861278752705,0.0
-2,57100,2002.5,2001,2004,3,0.2236067977501315,0.5
-2,57200,2002.5,2001,2004,3,0.2236067977501315,0.0
-2,57300,2002.0,2001,2003,2,0.2236067977501315,-0.5
-2,57400,2003.5,2003,2004,1,0.5477225575052543,1.0
-2,57500,2002.5,2001,2004,3,0.5477225575052543,0.0
-2,57600,2002.0,2001,2003,2,0.6123724356958757,0.0
-2,57700,2002.5,2001,2004,3,0.6123724356958757,-1.0
-2,57800,2002.5,2001,2004,3,0.5477225575052543,0.0
-2,57900,2002.5,2001,2004,3,0.2236067977501315,0.5
-2,58000,2004.5,2004,2005,1,0.9746794344809452,2.0
-2,58100,2002.0,2001,2003,2,0.9746794344809452,-0.5
-2,58200,2003.0,2002,2004,2,0.9617692030836175,0.5
-2,58300,2003.5,2002,2005,3,0.9617692030836175,-1.0
-2,58400,2003.5,2002,2005,3,0.9082951062293116,1.5
-2,58500,2003.5,2002,2005,3,0.6519202405203499,0.5
-2,58600,2003.5,2002,2005,3,0.22360679775029038,0.0
-2,58700,2003.5,2002,2005,3,0.0,0.0
-2,58800,2003.5,2002,2005,3,0.0,0.0
-2,58900,2003.5,2002,2005,3,0.0,0.0
-2,59000,2003.5,2002,2005,3,0.0,0.0
-2,59100,2003.0,2002,2004,2,0.22360679775029038,-0.5
-2,59200,2004.0,2002,2006,4,0.35355339059347474,0.5
-2,59300,2004.0,2002,2006,4,0.4183300132672212,0.5
-2,59400,2004.0,2003,2005,2,0.44721359550012796,1.0
-2,59500,2003.5,2002,2005,3,0.44721359550012796,-0.5
-2,59600,2003.5,2002,2005,3,0.2738612787528347,-0.5
-2,59700,2004.0,2002,2006,4,0.2738612787528347,0.0
-2,59800,2003.5,2003,2004,1,0.2738612787528347,0.0
-2,59900,2004.0,2002,2006,4,0.2738612787528347,0.5
-2,60000,2005.0,2004,2006,2,0.6123724356959047,1.0
-2,60100,2005.0,2004,2006,2,0.6708203932500449,1.5
-2,60200,2003.0,2002,2004,2,0.8944271909999818,-1.0
-2,60300,2003.5,2002,2005,3,0.8944271909999818,-1.5
-2,60400,2003.5,2002,2005,3,0.93541434669355,-1.5
-2,60500,2003.0,2002,2004,2,0.8215838362578123,0.0
-2,60600,2003.0,2002,2004,2,0.273861278752705,-0.5
-2,60700,2003.5,2002,2005,3,0.273861278752705,0.0
-2,60800,2003.5,2002,2005,3,0.273861278752705,0.5
-2,60900,2004.0,2002,2006,4,0.41833001326709385,1.0
-2,61000,2003.5,2002,2005,3,0.353553390593324,0.0
-2,61100,2004.5,2004,2005,1,0.4472135955000088,1.0
-2,61200,2003.5,2002,2005,3,0.4472135955000088,-0.5
-2,61300,2003.0,2002,2004,2,0.5700877125496213,-0.5
-2,61400,2003.0,2002,2004,2,0.6123724356958468,-1.5
-2,61500,2003.5,2002,2005,3,0.6123724356958468,0.0
-2,61600,2003.5,2002,2005,3,0.273861278752705,0.5
-2,61700,2003.5,2002,2005,3,0.273861278752705,0.5
-2,61800,2004.5,2004,2005,1,0.5477225575052543,1.0
-2,61900,2003.5,2002,2005,3,0.4472135955000882,0.0
-2,62000,2003.5,2002,2005,3,0.4472135955000882,0.0
-2,62100,2003.5,2002,2005,3,0.4472135955000882,-1.0
-2,62200,2003.5,2002,2005,3,0.4472135955000882,0.0
-2,62300,2003.0,2002,2004,2,0.22360679775029038,-0.5
-2,62400,2004.0,2002,2006,4,0.35355339059347474,0.5
-2,62500,2003.5,2002,2005,3,0.35355339059347474,0.0
-2,62600,2002.5,2002,2003,1,0.5700877125496836,-0.5
-2,62700,2004.5,2003,2006,3,0.7905694150421757,0.5
-2,62800,2004.5,2003,2006,3,0.8366600265341579,1.0
-2,62900,2004.0,2003,2005,2,0.8366600265341579,1.5
-2,63000,2003.5,2003,2004,1,0.8366600265341579,-1.0
-2,63100,2005.0,2003,2007,4,0.5700877125497148,0.5
-2,63200,2005.5,2004,2007,3,0.7905694150421982,1.5
-2,63300,2005.0,2003,2007,4,0.8215838362578556,1.5
-2,63400,2005.5,2004,2007,3,0.8215838362578556,0.5
-2,63500,2005.0,2003,2007,4,0.2738612787528347,-0.5
-2,63600,2005.0,2003,2007,4,0.2738612787528347,0.0
-2,63700,2005.0,2003,2007,4,0.22360679775029038,-0.5
-2,63800,2005.0,2003,2007,4,0.22360679775029038,0.0
-2,63900,2004.5,2003,2006,3,0.22360679775029038,-0.5
-2,64000,2004.5,2003,2006,3,0.2738612787528347,-0.5
-2,64100,2004.0,2003,2005,2,0.4183300132671787,-1.0
-2,64200,2004.5,2003,2006,3,0.3535533905934245,0.0
-2,64300,2004.5,2003,2006,3,0.22360679775021094,0.0
-2,64400,2004.5,2003,2006,3,0.22360679775021094,0.5
-2,64500,2004.5,2003,2006,3,0.22360679775021094,0.0
-2,64600,2004.5,2003,2006,3,0.0,0.0
-2,64700,2004.5,2003,2006,3,0.0,0.0
-2,64800,2004.5,2003,2006,3,0.0,0.0
-2,64900,2004.0,2003,2005,2,0.22360679775021094,-0.5
-2,65000,2004.0,2003,2005,2,0.2738612787527699,-0.5
-2,65100,2005.0,2003,2007,4,0.4183300132671363,0.5
-2,65200,2004.5,2003,2006,3,0.4183300132671363,0.5
-2,65300,2005.0,2004,2006,2,0.5000000000000853,1.0
-2,65400,2005.0,2003,2007,4,0.4472135955000485,0.0
-2,65500,2005.0,2003,2007,4,0.2236067977501315,0.5
-2,65600,2005.5,2004,2007,3,0.35355339059337426,0.5
-2,65700,2004.0,2003,2005,2,0.5477225575052543,-1.0
-2,65800,2005.5,2004,2007,3,0.6123724356958757,0.5
-2,65900,2005.5,2004,2007,3,0.6519202405203499,0.0
-2,66000,2005.5,2004,2007,3,0.6708203932500185,1.5
-2,66100,2005.5,2004,2007,3,0.6708203932500185,0.0
-2,66200,2003.5,2003,2004,1,0.8944271909999421,-2.0
-2,66300,2004.5,2003,2006,3,0.8944271909999421,-1.0
-2,66400,2005.0,2003,2007,4,0.8366600265341154,-0.5
-2,66500,2004.5,2003,2006,3,0.7416198487096027,1.0
-2,66600,2004.5,2003,2006,3,0.5477225575051895,0.0
-2,66700,2004.5,2003,2006,3,0.2236067977499726,-0.5
-2,66800,2004.5,2003,2006,3,0.2236067977499726,0.0
-2,66900,2003.5,2003,2004,1,0.44721359549992934,-1.0
-2,67000,2004.5,2003,2006,3,0.44721359549992934,0.0
-2,67100,2004.5,2003,2006,3,0.44721359549992934,0.0
-2,67200,2005.5,2005,2006,1,0.7071067811865275,2.0
-2,67300,2004.5,2003,2006,3,0.7071067811865275,0.0
-2,67400,2004.5,2003,2006,3,0.44721359549992934,0.0
-2,67500,2004.5,2003,2006,3,0.44721359549992934,-1.0
-2,67600,2004.5,2003,2006,3,0.44721359549992934,0.0
-2,67700,2005.5,2005,2006,1,0.44721359549992934,1.0
-2,67800,2004.0,2003,2005,2,0.5477225575051246,-0.5
-2,67900,2004.5,2003,2006,3,0.5477225575051246,0.0
-2,68000,2004.0,2003,2005,2,0.6123724356957597,-1.5
-2,68100,2004.5,2003,2006,3,0.6123724356957597,0.5
-2,68200,2005.5,2005,2006,1,0.6123724356957597,1.0
-2,68300,2004.5,2003,2006,3,0.5477225575051246,0.5
-2,68400,2004.5,2003,2006,3,0.5477225575051246,0.0
-2,68500,2004.5,2003,2006,3,0.44721359549992934,-1.0
-2,68600,2004.5,2003,2006,3,0.44721359549992934,0.0
-2,68700,2004.5,2003,2006,3,0.0,0.0
-2,68800,2003.5,2003,2004,1,0.44721359549992934,-1.0
-2,68900,2005.5,2005,2006,1,0.7071067811865275,1.0
-2,69000,2004.0,2002,2006,4,0.7416198487095548,-0.5
-2,69100,2004.0,2002,2006,4,0.7582875444051429,0.5
-2,69200,2003.5,2003,2004,1,0.8215838362577258,-2.0
-2,69300,2005.0,2004,2006,2,0.8215838362577258,1.0
-2,69400,2005.5,2005,2006,1,0.8215838362577258,1.5
-2,69500,2004.0,2002,2006,4,0.8215838362577258,0.5
-2,69600,2003.5,2002,2005,3,0.9082951062292138,-1.5
-2,69700,2004.0,2002,2006,4,0.8215838362577258,-1.5
-2,69800,2005.5,2005,2006,1,0.9354143466934739,1.5
-2,69900,2004.0,2002,2006,4,0.7582875444051429,0.5
-2,70000,2004.0,2002,2006,4,0.7582875444051429,0.0
-2,70100,2004.0,2002,2006,4,0.6708203932499125,-1.5
-2,70200,2004.5,2004,2005,1,0.6519202405202409,0.5
-2,70300,2004.5,2003,2006,3,0.27386127875257527,0.5
-2,70400,2002.5,2002,2003,1,0.8215838362577691,-1.5
-2,70500,2004.0,2003,2005,2,0.8215838362577691,-0.5
-2,70600,2003.5,2002,2005,3,0.8366600265340942,-1.0
-2,70700,2003.5,2002,2005,3,0.7416198487095788,1.0
-2,70800,2003.5,2002,2005,3,0.5477225575051571,-0.5
-2,70900,2003.5,2002,2005,3,0.22360679774989317,0.0
-2,71000,2003.5,2002,2005,3,0.0,0.0
-2,71100,2003.5,2002,2005,3,0.0,0.0
-2,71200,2004.0,2003,2005,2,0.22360679774989317,0.5
-2,71300,2003.5,2002,2005,3,0.22360679774989317,0.0
-2,71400,2003.5,2002,2005,3,0.22360679774989317,0.0
-2,71500,2004.5,2003,2006,3,0.44721359549992934,0.5
-2,71600,2004.5,2003,2006,3,0.4999999999999787,1.0
-2,71700,2004.5,2003,2006,3,0.5477225575051571,1.0
-2,71800,2005.5,2005,2006,1,0.7071067811865526,1.0
-2,71900,2004.5,2003,2006,3,0.4472135954999691,0.0
-2,72000,2004.5,2003,2006,3,0.4472135954999691,0.0
-2,72100,2005.5,2005,2006,1,0.5477225575051571,0.0
-2,72200,2004.5,2003,2006,3,0.5477225575051571,0.0
-2,72300,2004.5,2003,2006,3,0.4472135954999691,0.0
-2,72400,2004.5,2003,2006,3,0.4472135954999691,-1.0
-2,72500,2004.0,2003,2005,2,0.5477225575051571,-0.5
-2,72600,2004.0,2003,2005,2,0.27386127875251043,-0.5
-2,72700,2004.5,2003,2006,3,0.27386127875251043,0.0
-2,72800,2004.5,2003,2006,3,0.27386127875251043,0.5
-2,72900,2004.0,2003,2005,2,0.27386127875251043,0.0
-2,73000,2004.5,2003,2006,3,0.27386127875251043,0.0
-2,73100,2004.5,2003,2006,3,0.22360679774989317,0.0
-2,73200,2004.5,2003,2006,3,0.22360679774989317,0.5
-2,73300,2004.5,2003,2006,3,0.22360679774989317,0.0
-2,73400,2004.5,2003,2006,3,0.0,0.0
-2,73500,2004.0,2002,2006,4,0.22360679774989317,-0.5
-2,73600,2004.0,2002,2006,4,0.27386127875251043,-0.5
-2,73700,2004.0,2002,2006,4,0.27386127875251043,-0.5
-2,73800,2005.0,2004,2006,2,0.44721359549992934,1.0
-2,73900,2003.0,2002,2004,2,0.7071067811865275,-1.0
-2,74000,2004.0,2002,2006,4,0.7071067811865275,0.0
-2,74100,2003.5,2002,2005,3,0.7416198487095548,-1.5
-2,74200,2004.5,2004,2005,1,0.7905694150420859,1.5
-2,74300,2003.5,2002,2005,3,0.570087712549559,-0.5
-2,74400,2004.0,2003,2005,2,0.4183300132670089,0.5
-2,74500,2003.0,2002,2004,2,0.570087712549559,-1.5
-2,74600,2004.0,2002,2006,4,0.570087712549559,0.5
-2,74700,2003.5,2002,2005,3,0.4183300132670089,-0.5
-2,74800,2004.5,2003,2006,3,0.570087712549559,1.5
-2,74900,2004.0,2002,2006,4,0.570087712549559,0.0
-2,75000,2004.0,2002,2006,4,0.3535533905932738,0.5
-2,75100,2004.5,2003,2006,3,0.4183300132670514,0.0
-2,75200,2004.0,2002,2006,4,0.27386127875264016,0.0
-2,75300,2004.5,2003,2006,3,0.27386127875264016,0.5
-2,75400,2003.5,2002,2005,3,0.4183300132670514,-1.0
-2,75500,2003.5,2002,2005,3,0.5000000000000142,-0.5
-2,75600,2004.5,2004,2005,1,0.5000000000000142,0.0
-2,75700,2003.5,2002,2005,3,0.5477225575051895,0.0
-2,75800,2003.5,2002,2005,3,0.4472135955000088,0.0
-2,75900,2003.0,2002,2004,2,0.5477225575051895,-1.5
-2,76000,2003.5,2002,2005,3,0.5477225575051895,0.0
-2,76100,2003.5,2002,2005,3,0.2236067977499726,0.0
-2,76200,2003.0,2002,2004,2,0.27386127875257527,0.0
-2,76300,2003.0,2002,2004,2,0.27386127875257527,-0.5
-2,76400,2002.5,2002,2003,1,0.4183300132670089,-1.0
-2,76500,2003.5,2002,2005,3,0.4183300132670089,0.5
-2,76600,2003.0,2002,2004,2,0.3535533905932235,0.0
-2,76700,2003.0,2002,2004,2,0.3535533905932235,0.5
-2,76800,2003.5,2002,2005,3,0.4183300132670089,0.0
-2,76900,2003.5,2002,2005,3,0.27386127875257527,0.5
-2,77000,2003.5,2002,2005,3,0.27386127875257527,0.5
-2,77100,2003.5,2002,2005,3,0.2236067977499726,0.0
-2,77200,2003.0,2002,2004,2,0.2236067977499726,-0.5
-2,77300,2003.0,2002,2004,2,0.27386127875257527,-0.5
-2,77400,2002.5,2002,2003,1,0.4183300132670089,-1.0
-2,77500,2004.0,2002,2006,4,0.5700877125495278,1.0
-2,77600,2005.0,2004,2006,2,0.9999999999999787,2.0
-2,77700,2004.0,2002,2006,4,0.9746794344808724,1.5
-2,77800,2002.5,2002,2003,1,1.0839741694338993,-1.5
-2,77900,2003.5,2002,2005,3,0.9082951062292138,-1.5
-2,78000,2003.5,2002,2005,3,0.9082951062292138,-0.5
-2,78100,2005.0,2004,2006,2,0.9082951062292138,2.5
-2,78200,2004.0,2002,2006,4,0.9082951062292138,0.5
-2,78300,2004.5,2003,2006,3,0.6519202405202137,1.0
-2,78400,2003.5,2002,2005,3,0.6519202405202137,-1.5
-2,78500,2003.5,2002,2005,3,0.6519202405202137,-0.5
-2,78600,2003.5,2002,2005,3,0.4472135954998499,-1.0
-2,78700,2003.5,2002,2005,3,0.4472135954998499,0.0
-2,78800,2003.5,2002,2005,3,0.0,0.0
-2,78900,2003.5,2002,2005,3,0.0,0.0
-2,79000,2003.5,2002,2005,3,0.0,0.0
-2,79100,2004.0,2003,2005,2,0.22360679774981373,0.5
-2,79200,2003.0,2002,2004,2,0.35355339059317326,-0.5
-2,79300,2003.5,2002,2005,3,0.35355339059317326,0.0
-2,79400,2003.5,2002,2005,3,0.35355339059317326,-0.5
-2,79500,2003.5,2002,2005,3,0.35355339059317326,0.5
-2,79600,2003.5,2002,2005,3,0.22360679774981373,0.0
-2,79700,2003.5,2002,2005,3,0.0,0.0
-2,79800,2003.5,2002,2005,3,0.0,0.0
-2,79900,2003.5,2002,2005,3,0.0,0.0
-2,80000,2003.5,2002,2005,3,0.0,0.0
-2,80100,2005.0,2004,2006,2,0.6708203932498861,1.5
-2,80200,2004.0,2002,2006,4,0.6519202405202137,0.5
-2,80300,2004.0,2003,2005,2,0.6123724356957307,0.5
-2,80400,2002.5,2002,2003,1,0.9082951062291943,-2.5
-2,80500,2003.0,2002,2004,2,0.9746794344808541,-1.0
-2,80600,2004.0,2002,2006,4,0.7071067811865023,0.0
-2,80700,2004.5,2003,2006,3,0.8215838362577258,2.0
-2,80800,2004.5,2003,2006,3,0.9082951062292138,1.5
-2,80900,2003.0,2002,2004,2,0.758287544405096,-1.0
-2,81000,2004.0,2002,2006,4,0.6123724356957307,-0.5
-2,81100,2004.5,2003,2006,3,0.6519202405202137,0.0
-2,81200,2004.0,2002,2006,4,0.6123724356957307,1.0
-2,81300,2005.5,2005,2006,1,0.9082951062291943,1.5
-2,81400,2004.5,2003,2006,3,0.6123724356957017,0.0
-2,81500,2004.5,2003,2006,3,0.5477225575050597,0.5
-2,81600,2004.0,2003,2005,2,0.6123724356957017,-1.5
-2,81700,2004.5,2003,2006,3,0.5477225575050597,0.0
-2,81800,2004.0,2003,2005,2,0.2738612787523158,-0.5
-2,81900,2003.5,2003,2004,1,0.41833001326683905,-0.5
-2,82000,2004.0,2003,2005,2,0.35355339059302254,-0.5
-2,82100,2004.5,2003,2006,3,0.41833001326683905,0.5
-2,82200,2005.5,2005,2006,1,0.7582875444050492,2.0
-2,82300,2004.5,2003,2006,3,0.741619848709459,0.5
-2,82400,2004.5,2003,2006,3,0.5477225575049949,0.0
-2,82500,2004.5,2003,2006,3,0.44721359549977047,-1.0
-2,82600,2004.0,2003,2005,2,0.5477225575049949,-0.5
-2,82700,2004.5,2003,2006,3,0.22360679774949596,0.0
-2,82800,2004.5,2003,2006,3,0.22360679774949596,0.0
-2,82900,2004.5,2003,2006,3,0.22360679774949596,0.5
-2,83000,2004.5,2003,2006,3,0.22360679774949596,0.0
-2,83100,2004.5,2003,2006,3,0.0,0.0
-2,83200,2004.5,2003,2006,3,0.0,0.0
-2,83300,2004.5,2003,2006,3,0.0,0.0
-2,83400,2005.5,2005,2006,1,0.44721359549969103,1.0
-2,83500,2004.5,2003,2006,3,0.44721359549969103,0.0
-2,83600,2004.5,2003,2006,3,0.44721359549969103,0.0
-2,83700,2004.5,2003,2006,3,0.44721359549969103,-1.0
-2,83800,2004.5,2003,2006,3,0.44721359549969103,0.0
-2,83900,2005.5,2005,2006,1,0.44721359549969103,1.0
-2,84000,2004.0,2003,2005,2,0.54772255750493,-0.5
-2,84100,2004.5,2003,2006,3,0.54772255750493,0.0
-2,84200,2005.5,2005,2006,1,0.6708203932497536,0.0
-2,84300,2004.0,2002,2006,4,0.7582875444050023,0.0
-2,84400,2003.5,2002,2005,3,0.7582875444050023,-1.0
-2,84500,2003.5,2002,2005,3,0.8366600265339456,-2.0
-2,84600,2003.5,2002,2005,3,0.8660254037843156,-0.5
-2,84700,2004.5,2004,2005,1,0.4472135954997307,1.0
-2,84800,2003.5,2002,2005,3,0.4472135954997307,0.0
-2,84900,2003.0,2002,2004,2,0.5477225575049625,-0.5
-2,85000,2003.5,2002,2005,3,0.5477225575049625,-1.0
-2,85100,2003.0,2002,2004,2,0.6123724356956147,-0.5
-2,85200,2003.0,2002,2004,2,0.2738612787521861,0.0
-2,85300,2003.5,2002,2005,3,0.2738612787521861,0.0
-2,85400,2004.0,2003,2005,2,0.4183300132667541,1.0
-2,85500,2004.0,2002,2006,4,0.4999999999997655,1.0
-2,85600,2004.0,2002,2006,4,0.44721359549969103,0.5
-2,85700,2004.0,2002,2006,4,0.22360679774941652,0.0
-2,85800,2004.0,2002,2006,4,0.0,0.0
-2,85900,2003.5,2002,2005,3,0.22360679774941652,-0.5
-2,86000,2003.5,2002,2005,3,0.27386127875212124,-0.5
-2,86100,2003.5,2002,2005,3,0.27386127875212124,-0.5
-2,86200,2004.0,2002,2006,4,0.27386127875212124,0.5
-2,86300,2003.5,2002,2005,3,0.22360679774941652,0.0
-2,86400,2003.5,2002,2005,3,0.22360679774941652,0.0
-2,86500,2003.5,2002,2005,3,0.22360679774941652,-0.5
-2,86600,2003.0,2002,2004,2,0.35355339059292207,-0.5
-2,86700,2003.5,2002,2005,3,0.22360679774941652,0.0
-2,86800,2004.0,2002,2006,4,0.35355339059292207,0.5
-2,86900,2003.0,2002,2004,2,0.4183300132667541,0.0
-2,87000,2003.0,2002,2004,2,0.44721359549969103,-0.5
-2,87100,2003.0,2002,2004,2,0.44721359549969103,-1.0
-2,87200,2003.5,2002,2005,3,0.44721359549969103,0.5
-2,87300,2003.5,2002,2005,3,0.27386127875212124,0.5
-2,87400,2003.5,2002,2005,3,0.27386127875212124,0.5
-2,87500,2003.5,2002,2005,3,0.22360679774941652,0.0
-2,87600,2003.5,2002,2005,3,0.0,0.0
-2,87700,2003.5,2002,2005,3,0.0,0.0
-2,87800,2003.5,2002,2005,3,0.0,0.0
-2,87900,2004.5,2004,2005,1,0.4472135954996513,1.0
-2,88000,2003.5,2002,2005,3,0.4472135954996513,0.0
-2,88100,2004.0,2002,2006,4,0.4472135954996513,0.5
-2,88200,2004.5,2003,2006,3,0.49999999999973,0.0
-2,88300,2004.5,2004,2005,1,0.4472135954996513,1.0
-2,88400,2005.5,2005,2006,1,0.7416198487093631,1.5
-2,88500,2004.0,2002,2006,4,0.6123724356955277,-0.5
-2,88600,2002.5,2002,2003,1,1.095445115010194,-2.0
-2,88700,2003.0,2002,2004,2,1.1937336386312178,-2.5
-2,88800,2002.5,2002,2003,1,1.274754878398096,-1.5
-2,88900,2005.5,2005,2006,1,1.274754878398096,3.0
-2,89000,2004.0,2002,2006,4,1.274754878398096,1.0
-2,89100,2002.5,2002,2003,1,1.274754878398096,0.0
-2,89200,2004.0,2002,2006,4,1.2549900398010096,-1.5
-2,89300,2004.0,2002,2006,4,1.0606601717796906,0.0
-2,89400,2005.0,2004,2006,2,0.8944271909997434,2.5
-2,89500,2004.0,2002,2006,4,0.8944271909997434,0.0
-2,89600,2004.0,2002,2006,4,0.44721359549957185,0.0
-2,89700,2003.0,2002,2004,2,0.7071067811863013,-2.0
-2,89800,2004.0,2002,2006,4,0.7071067811863013,0.0
-2,89900,2004.0,2002,2006,4,0.44721359549957185,0.0
-2,90000,2003.5,2002,2005,3,0.44721359549957185,0.5
-2,90100,2003.5,2002,2005,3,0.4183300132666267,-0.5
-2,90200,2004.0,2002,2006,4,0.2738612787519915,0.0
-2,90300,2003.0,2002,2004,2,0.4183300132666267,-0.5
-2,90400,2002.5,2002,2003,1,0.5700877125492474,-1.0
-2,90500,2003.5,2002,2005,3,0.5700877125492474,-0.5
-2,90600,2005.0,2004,2006,2,0.9617692030833959,2.0
-2,90700,2003.5,2002,2005,3,0.935414346693303,1.0
-2,90800,2002.5,2002,2003,1,1.0246950765958058,-1.0
-2,90900,2003.0,2002,2004,2,0.935414346693303,-2.0
-2,91000,2004.0,2002,2006,4,0.9617692030833959,0.5
-2,91100,2003.0,2002,2004,2,0.5700877125492474,0.5
-2,91200,2004.5,2003,2006,3,0.8215838362575096,1.5
-2,91300,2004.5,2003,2006,3,0.7582875444048852,0.5
-2,91400,2004.5,2003,2006,3,0.6519202405199684,1.5
-2,91500,2004.0,2003,2005,2,0.6519202405199684,-0.5
-2,91600,2004.0,2003,2005,2,0.2738612787519266,-0.5
-2,91700,2004.5,2003,2006,3,0.2738612787519266,0.0
-2,91800,2004.5,2003,2006,3,0.2738612787519266,0.5
-2,91900,2004.5,2003,2006,3,0.2738612787519266,0.5
-2,92000,2004.5,2003,2006,3,0.22360679774917822,0.0
-2,92100,2004.5,2003,2006,3,0.0,0.0
-2,92200,2004.0,2003,2005,2,0.22360679774917822,-0.5
-2,92300,2004.5,2003,2006,3,0.22360679774917822,0.0
-2,92400,2004.0,2003,2005,2,0.2738612787519266,-0.5
-2,92500,2004.5,2003,2006,3,0.2738612787519266,0.5
-2,92600,2004.0,2003,2005,2,0.2738612787519266,-0.5
-2,92700,2004.5,2003,2006,3,0.2738612787519266,0.5
-2,92800,2004.5,2003,2006,3,0.2738612787519266,0.0
-2,92900,2004.5,2003,2006,3,0.22360679774917822,0.5
-2,93000,2004.0,2003,2005,2,0.2738612787519266,-0.5
-2,93100,2005.5,2005,2006,1,0.5477225575048651,1.0
-2,93200,2004.0,2003,2005,2,0.6123724356955277,-0.5
-2,93300,2004.5,2003,2006,3,0.6123724356955277,0.5
-2,93400,2004.5,2003,2006,3,0.6123724356955277,-1.0
-2,93500,2004.0,2002,2006,4,0.6123724356955277,0.0
-2,93600,2003.0,2002,2004,2,0.6123724356955277,-1.5
-2,93700,2004.0,2002,2006,4,0.6123724356955277,-0.5
-2,93800,2003.0,2002,2004,2,0.6708203932497007,-1.0
-2,93900,2004.0,2002,2006,4,0.5477225575048976,1.0
-2,94000,2004.0,2002,2006,4,0.5477225575048976,0.0
-2,94100,2005.0,2004,2006,2,0.7071067811863516,2.0
-2,94200,2004.0,2002,2006,4,0.7071067811863516,0.0
-2,94300,2004.0,2002,2006,4,0.4472135954996513,0.0
-2,94400,2003.5,2002,2005,3,0.5477225575048976,-1.5
-2,94500,2003.5,2002,2005,3,0.6123724356955567,-0.5
-2,94600,2004.5,2004,2005,1,0.4183300132666692,0.5
-2,94700,2003.5,2002,2005,3,0.4472135954996116,0.0
-2,94800,2003.5,2002,2005,3,0.4472135954996116,0.0
-2,94900,2003.5,2002,2005,3,0.4472135954996116,-1.0
-2,95000,2003.5,2002,2005,3,0.4472135954996116,0.0
-2,95100,2003.0,2002,2004,2,0.2236067977493371,-0.5
-2,95200,2003.5,2002,2005,3,0.2236067977493371,0.0
-2,95300,2003.5,2002,2005,3,0.2236067977493371,0.0
-2,95400,2003.5,2002,2005,3,0.2236067977493371,0.5
-2,95500,2003.5,2002,2005,3,0.2236067977493371,0.0
-2,95600,2004.5,2004,2005,1,0.4472135954996116,1.0
-2,95700,2003.5,2002,2005,3,0.4472135954996116,0.0
-2,95800,2003.5,2002,2005,3,0.4472135954996116,0.0
-2,95900,2003.0,2002,2004,2,0.5477225575048651,-1.5
-2,96000,2003.5,2002,2005,3,0.5477225575048651,0.0
-2,96100,2003.5,2002,2005,3,0.22360679774917822,0.0
-2,96200,2003.5,2002,2005,3,0.22360679774917822,0.5
-2,96300,2003.5,2002,2005,3,0.22360679774917822,0.0
-2,96400,2003.5,2002,2005,3,0.0,0.0
-2,96500,2003.5,2002,2005,3,0.0,0.0
-2,96600,2003.5,2002,2005,3,0.0,0.0
-2,96700,2003.5,2002,2005,3,0.0,0.0
-2,96800,2003.5,2003,2004,1,0.0,0.0
-2,96900,2003.0,2001,2005,4,0.22360679774917822,-0.5
-2,97000,2002.5,2001,2004,3,0.44721359549957185,-1.0
-2,97100,2003.0,2002,2004,2,0.4183300132666267,-0.5
-2,97200,2002.5,2001,2004,3,0.4183300132666267,-0.5
-2,97300,2002.5,2001,2004,3,0.2738612787519915,0.0
-2,97400,2002.5,2001,2004,3,0.22360679774925765,-0.5
-2,97500,2003.5,2003,2004,1,0.4472135954996116,1.0
-2,97600,2002.5,2001,2004,3,0.4472135954996116,0.0
-2,97700,2002.5,2001,2004,3,0.4472135954996116,0.0
-2,97800,2002.5,2001,2004,3,0.4472135954996116,-1.0
-2,97900,2002.5,2001,2004,3,0.4472135954996116,0.0
-2,98000,2002.5,2001,2004,3,0.0,0.0
-2,98100,2003.5,2003,2004,1,0.4472135954996116,1.0
-2,98200,2000.5,2000,2001,1,1.0954451150101778,-2.0
-2,98300,2000.5,2000,2001,1,1.3416407864997615,-2.0
-2,98400,2002.5,2001,2004,3,1.3416407864997615,-1.0
-2,98500,2003.5,2003,2004,1,1.5165750888102296,3.0
-2,98600,2002.5,2001,2004,3,1.3416407864997615,2.0
-2,98700,2002.5,2001,2004,3,1.0954451150101778,0.0
-2,98800,2002.5,2001,2004,3,0.4472135954996116,-1.0
-2,98900,2003.0,2002,2004,2,0.4472135954996116,0.5
-2,99000,2002.0,2001,2003,2,0.3535533905928216,-0.5
-2,99100,2002.0,2001,2003,2,0.4183300132666692,-0.5
-2,99200,2003.5,2003,2004,1,0.6519202405200502,0.5
-2,99300,2001.5,2001,2002,1,0.8215838362575961,-0.5
-2,99400,2002.5,2001,2004,3,0.7582875444050023,0.5
-2,99500,2003.5,2003,2004,1,0.8944271909998031,0.0
-2,99600,2002.5,2001,2004,3,0.8366600265339669,1.0
-2,99700,2002.5,2001,2004,3,0.7071067811864269,0.0
-2,99800,2001.5,2001,2002,1,0.7071067811864269,-2.0
-2,99900,2002.5,2001,2004,3,0.7071067811864269,0.0
-2,100000,2002.5,2001,2004,3,0.44721359549977047,0.0
-2,100100,2002.5,2001,2004,3,0.44721359549977047,1.0
-2,100200,2002.5,2001,2004,3,0.44721359549977047,0.0
-2,100300,2002.5,2001,2004,3,0.0,0.0
-2,100400,2003.5,2003,2004,1,0.44721359549977047,1.0
-2,100500,2002.5,2001,2004,3,0.44721359549977047,0.0
-2,100600,2002.5,2001,2004,3,0.44721359549977047,0.0
-2,100700,2002.5,2001,2004,3,0.44721359549977047,-1.0
-2,100800,2002.5,2001,2004,3,0.44721359549977047,0.0
-2,100900,2002.5,2001,2004,3,0.0,0.0
-2,101000,2002.5,2001,2004,3,0.0,0.0
-2,101100,2002.5,2001,2004,3,0.0,0.0
-2,101200,2002.5,2001,2004,3,0.0,0.0
-2,101300,2003.5,2002,2005,3,0.44721359549977047,1.0
-2,101400,2003.0,2001,2005,4,0.44721359549977047,0.5
-2,101500,2002.0,2001,2003,2,0.5700877125494344,-0.5
-2,101600,2003.0,2001,2005,4,0.5700877125494344,-0.5
-2,101700,2003.0,2001,2005,4,0.5477225575050273,0.0
-2,101800,2003.0,2001,2005,4,0.44721359549981016,1.0
-2,101900,2003.5,2002,2005,3,0.5477225575050273,0.5
-2,102000,2003.0,2001,2005,4,0.2236067977495754,0.0
-2,102100,2002.0,2001,2003,2,0.5477225575050273,-1.0
-2,102200,2003.5,2002,2005,3,0.6123724356956727,0.0
-2,102300,2003.5,2002,2005,3,0.6519202405201592,0.5
-2,102400,2002.5,2002,2003,1,0.6519202405201592,0.5
-2,102500,2004.5,2004,2005,1,0.9746794344808176,1.0
-2,102600,2003.5,2002,2005,3,0.7071067811864269,0.0
-2,102700,2003.5,2002,2005,3,0.7071067811864269,1.0
-2,102800,2003.0,2001,2005,4,0.741619848709459,-1.5
-2,102900,2002.5,2001,2004,3,0.741619848709459,-1.0
-2,103000,2003.5,2002,2005,3,0.44721359549981016,0.0
-2,103100,2003.0,2001,2005,4,0.4183300132668815,0.0
-2,103200,2002.5,2001,2004,3,0.4183300132668815,0.0
-2,103300,2004.0,2003,2005,2,0.6519202405201864,0.5
-2,103400,2002.0,2001,2003,2,0.7905694150420409,-1.0
-2,103500,2003.0,2001,2005,4,0.7416198487095069,0.5
-2,103600,2004.0,2003,2005,2,0.8944271909998825,0.0
-2,103700,2003.5,2002,2005,3,0.8366600265340518,1.5
-2,103800,2003.0,2001,2005,4,0.7416198487095308,0.0
-2,103900,2003.0,2001,2005,4,0.44721359549992934,-1.0
-2,104000,2003.0,2001,2005,4,0.44721359549992934,-0.5
-2,104100,2001.5,2001,2002,1,0.7582875444051195,-1.5
-2,104200,2002.5,2001,2004,3,0.6519202405202137,-0.5
-2,104300,2002.5,2001,2004,3,0.6123724356957307,-0.5
-2,104400,2003.5,2003,2004,1,0.7416198487095308,2.0
-2,104500,2002.5,2001,2004,3,0.7071067811865023,0.0
-2,104600,2002.5,2001,2004,3,0.4472135954998896,0.0
-2,104700,2002.5,2001,2004,3,0.4472135954998896,-1.0
-2,104800,2002.5,2001,2004,3,0.4472135954998896,0.0
-2,104900,2003.5,2003,2004,1,0.4472135954998896,1.0
-2,105000,2002.5,2001,2004,3,0.4472135954998896,0.0
-2,105100,2002.5,2001,2004,3,0.4472135954998896,0.0
-2,105200,2002.5,2001,2004,3,0.4472135954998896,-1.0
-2,105300,2002.5,2001,2004,3,0.4472135954998896,0.0
-2,105400,2001.0,2000,2002,2,0.6708203932499125,-1.5
-2,105500,2002.5,2001,2004,3,0.6708203932499125,0.0
-2,105600,2001.5,2001,2002,1,0.7071067811865275,-1.0
-2,105700,2002.0,2000,2004,4,0.6519202405202409,1.0
-2,105800,2000.5,2000,2001,1,0.7905694150420859,-2.0
-2,105900,2002.0,2000,2004,4,0.7582875444051429,0.5
-2,106000,2002.0,2000,2004,4,0.6519202405202681,0.0
-2,106100,2002.0,2000,2004,4,0.670820393249939,1.5
-2,106200,2002.5,2001,2004,3,0.7582875444051663,0.5
-2,106300,2002.0,2000,2004,4,0.22360679775005204,0.0
-2,106400,2002.0,2000,2004,4,0.22360679775005204,0.0
-2,106500,2002.0,2000,2004,4,0.22360679775005204,-0.5
-2,106600,2002.5,2001,2004,3,0.27386127875264016,0.5
-2,106700,2002.0,2001,2003,2,0.22360679775005204,0.0
-2,106800,2002.5,2001,2004,3,0.27386127875264016,0.5
-2,106900,2000.5,2000,2001,1,0.8215838362577906,-2.0
-2,107000,2002.0,2000,2004,4,0.8215838362577906,0.0
-2,107100,2003.0,2002,2004,2,0.935414346693531,0.5
-2,107200,2002.0,2000,2004,4,0.935414346693531,1.5
-2,107300,2001.0,2000,2002,2,0.9746794344809452,-1.0
-2,107400,2002.0,2000,2004,4,0.7071067811866028,-1.0
-2,107500,2002.0,2000,2004,4,0.7071067811866028,0.0
-2,107600,2001.5,2000,2003,3,0.4472135955000485,0.5
-2,107700,2002.5,2002,2003,1,0.5700877125496525,0.5
-2,107800,2002.5,2002,2003,1,0.4183300132671787,0.5
-2,107900,2001.5,2000,2003,3,0.5000000000001208,0.0
-2,108000,2002.0,2000,2004,4,0.5000000000001208,-0.5
-2,108100,2000.5,2000,2001,1,0.8366600265341367,-2.0
-2,108200,2002.5,2001,2004,3,0.8366600265341367,1.0
-2,108300,2002.5,2001,2004,3,0.8366600265341367,0.5
-2,108400,2003.5,2003,2004,1,1.0954451150103723,3.0
-2,108500,2001.5,2001,2002,1,1.1401754250991678,-1.0
-2,108600,2002.5,2001,2004,3,0.707106781186628,0.0
-2,108700,2002.5,2001,2004,3,0.707106781186628,-1.0
-2,108800,2002.0,2001,2003,2,0.7416198487096506,0.5
-2,108900,2002.0,2000,2004,4,0.4183300132672212,-0.5
-2,109000,2001.0,2000,2002,2,0.6123724356959338,-1.5
-2,109100,2003.0,2002,2004,2,0.7416198487096985,1.0
-2,109200,2002.5,2001,2004,3,0.7416198487096985,0.5
-2,109300,2002.0,2000,2004,4,0.7416198487096985,1.0
-2,109400,2003.0,2002,2004,2,0.8366600265342004,0.0
-2,109500,2001.5,2000,2003,3,0.6519202405204588,-1.0
-2,109600,2001.5,2000,2003,3,0.6519202405204588,-0.5
-2,109700,2002.0,2000,2004,4,0.6123724356959918,-1.0
-2,109800,2001.5,2000,2003,3,0.6519202405204588,0.0
-2,109900,2001.0,2000,2002,2,0.3535533905936757,-0.5
-2,110000,2001.5,2000,2003,3,0.3535533905936757,-0.5
-2,110100,2002.5,2002,2003,1,0.5700877125498083,1.0
-2,110200,2001.5,2000,2003,3,0.5477225575054165,0.5
-2,110300,2001.5,2000,2003,3,0.5477225575054165,0.0
-2,110400,2001.5,2000,2003,3,0.44721359550028683,-1.0
-2,110500,2001.5,2000,2003,3,0.44721359550028683,0.0
-2,110600,2001.5,2000,2003,3,0.0,0.0
-2,110700,2002.0,2000,2004,4,0.2236067977506876,0.5
-2,110800,2002.0,2000,2004,4,0.273861278753159,0.5
-2,110900,2002.0,2000,2004,4,0.273861278753159,0.5
-2,111000,2001.5,2000,2003,3,0.273861278753159,-0.5
-2,111100,2002.0,2000,2004,4,0.2236067977506876,0.0
-2,111200,2001.5,2001,2002,1,0.273861278753159,-0.5
-2,111300,2003.0,2002,2004,2,0.6123724356960498,1.5
-2,111400,2002.0,2000,2004,4,0.6123724356960498,0.0
-2,111500,2001.0,2000,2002,2,0.7416198487097944,-0.5
-2,111600,2001.0,2000,2002,2,0.8366600265342853,-2.0
-2,111700,2002.5,2001,2004,3,0.8944271910001009,0.5
-2,111800,2002.5,2001,2004,3,0.7582875444054006,1.5
-2,111900,2002.5,2001,2004,3,0.8215838362579636,1.5
-2,112000,2003.0,2002,2004,2,0.7582875444053772,0.5
-2,112100,2002.5,2001,2004,3,0.22360679775076703,0.0
-2,112200,2002.5,2001,2004,3,0.22360679775076703,0.0
-2,112300,2002.5,2001,2004,3,0.22360679775076703,-0.5
-2,112400,2003.5,2003,2004,1,0.44721359550036627,1.0
-2,112500,2002.5,2001,2004,3,0.44721359550036627,0.0
-2,112600,2002.0,2001,2003,2,0.5477225575054814,-0.5
-2,112700,2002.5,2001,2004,3,0.5477225575054814,-1.0
-2,112800,2003.0,2002,2004,2,0.5700877125498706,0.5
-2,112900,2002.0,2001,2003,2,0.418330013267476,0.0
-2,113000,2002.5,2001,2004,3,0.418330013267476,0.0
-2,113100,2003.5,2003,2004,1,0.5700877125498706,0.5
-2,113200,2002.5,2001,2004,3,0.5700877125498706,0.5
-2,113300,2002.0,2001,2003,2,0.6123724356960788,-0.5
-2,113400,2002.0,2001,2003,2,0.6123724356960788,-1.5
-2,113500,2002.5,2001,2004,3,0.6123724356960788,0.0
-2,113600,2002.5,2001,2004,3,0.2738612787532239,0.5
-2,113700,2002.0,2001,2003,2,0.2738612787532239,0.0
-2,113800,2002.0,2001,2003,2,0.2738612787532239,-0.5
-2,113900,2002.5,2001,2004,3,0.2738612787532239,0.0
-2,114000,2002.5,2001,2004,3,0.2738612787532239,0.5
-2,114100,2003.5,2003,2004,1,0.6123724356960788,1.5
-2,114200,2002.5,2001,2004,3,0.5477225575054814,0.0
-2,114300,2000.5,2000,2001,1,1.095445115010486,-2.0
-2,114400,2001.0,2000,2002,2,1.2247448713917253,-2.5
-2,114500,2001.0,2000,2002,2,1.2549900398012503,-1.5
-2,114600,2002.0,2000,2004,4,0.8215838362579636,1.5
-2,114700,2002.5,2001,2004,3,0.8215838362579636,1.5
-2,114800,2001.0,2000,2002,2,0.7071067811867786,0.0
-2,114900,2002.0,2000,2004,4,0.6708203932501774,0.0
-2,115000,2002.0,2000,2004,4,0.547722557505449,-0.5
-2,115100,2001.0,2000,2002,2,0.6708203932501774,0.0
-2,115200,2002.0,2000,2004,4,0.5477225575054814,0.0
-2,115300,2002.0,2000,2004,4,0.44721359550036627,0.0
-2,115400,2002.5,2001,2004,3,0.5477225575054814,1.5
-2,115500,2001.5,2000,2003,3,0.5700877125498706,-0.5
-2,115600,2000.5,2000,2001,1,0.7582875444054006,-1.5
-2,115700,2001.0,2000,2002,2,0.790569415042333,-1.5
-2,115800,2002.5,2002,2003,1,0.8944271910001407,1.0
-2,115900,2001.5,2000,2003,3,0.7416198487098182,1.0
-2,116000,2001.0,2000,2002,2,0.7582875444054006,0.0
-2,116100,2001.5,2000,2003,3,0.6123724356961078,-1.0
-2,116200,2001.5,2000,2003,3,0.5477225575055138,0.0
-2,116300,2001.5,2000,2003,3,0.22360679775076703,0.5
-2,116400,2001.0,2000,2002,2,0.2738612787532239,-0.5
-2,116500,2001.5,2000,2003,3,0.22360679775076703,0.0
-2,116600,2000.5,2000,2001,1,0.44721359550036627,-1.0
-2,116700,2002.5,2002,2003,1,0.7416198487097944,1.5
-2,116800,2001.5,2000,2003,3,0.7416198487097944,0.0
-2,116900,2000.5,2000,2001,1,0.8366600265342641,0.0
-2,117000,2001.0,2000,2002,2,0.8366600265342641,-1.5
-2,117100,2001.0,2000,2002,2,0.7582875444053537,-0.5
-2,117200,2002.0,2000,2004,4,0.5700877125498083,1.5
-2,117300,2001.0,2000,2002,2,0.5477225575054165,0.0
-2,117400,2002.5,2001,2004,3,0.7071067811867535,1.5
-2,117500,2002.5,2001,2004,3,0.7582875444053537,0.5
-2,117600,2002.5,2001,2004,3,0.6519202405205133,1.5
-2,117700,2003.5,2003,2004,1,0.8944271910000812,1.0
-2,117800,2001.5,2001,2002,1,0.7071067811867284,-1.0
-2,117900,2002.5,2001,2004,3,0.7071067811867284,0.0
-2,118000,2002.5,2001,2004,3,0.7071067811867284,-1.0
-2,118100,2002.5,2001,2004,3,0.7071067811867284,1.0
-2,118200,2003.0,2002,2004,2,0.547722557505384,0.5
-2,118300,2001.5,2001,2002,1,0.547722557505384,-1.0
-2,118400,2002.5,2001,2004,3,0.547722557505384,0.0
-2,118500,2002.0,2001,2003,2,0.5700877125497771,-1.0
-2,118600,2002.5,2001,2004,3,0.5700877125497771,1.0
-2,118700,2002.5,2001,2004,3,0.4472135955002074,0.0
-2,118800,2002.5,2001,2004,3,0.22360679775044925,0.5
-2,118900,2002.5,2001,2004,3,0.22360679775044925,0.0
-2,119000,2002.0,2001,2003,2,0.22360679775044925,-0.5
-2,119100,2002.5,2001,2004,3,0.22360679775044925,0.0
-2,119200,2002.5,2001,2004,3,0.22360679775044925,0.0
-2,119300,2002.5,2001,2004,3,0.22360679775044925,0.5
-2,119400,2002.5,2001,2004,3,0.22360679775044925,0.0
-2,119500,2002.5,2001,2004,3,0.0,0.0
-2,119600,2002.5,2001,2004,3,0.0,0.0
-2,119700,2002.5,2001,2004,3,0.0,0.0
-2,119800,2002.5,2001,2004,3,0.0,0.0
-2,119900,2002.0,2001,2003,2,0.22360679775044925,-0.5
-2,120000,2002.0,2001,2003,2,0.27386127875296445,-0.5
-2,120100,2002.5,2001,2004,3,0.27386127875296445,0.0
-2,120200,2002.5,2001,2004,3,0.27386127875296445,0.5
-2,120300,2002.5,2001,2004,3,0.27386127875296445,0.5
-2,120400,2002.5,2001,2004,3,0.22360679775044925,0.0
-2,120500,2002.5,2001,2004,3,0.0,0.0
-2,120600,2002.5,2001,2004,3,0.0,0.0
-2,120700,2002.5,2001,2004,3,0.0,0.0
-2,120800,2003.5,2003,2004,1,0.44721359550016765,1.0
-2,120900,2002.0,2001,2003,2,0.5477225575053192,-0.5
-2,121000,2002.5,2001,2004,3,0.5477225575053192,0.0
-2,121100,2002.5,2001,2004,3,0.5477225575053192,-1.0
-2,121200,2002.5,2001,2004,3,0.5477225575053192,0.5
-2,121300,2002.0,2000,2004,4,0.2738612787528347,-0.5
-2,121400,2001.5,2001,2002,1,0.44721359550012796,-1.0
-2,121500,2002.5,2001,2004,3,0.44721359550012796,0.0
-2,121600,2001.5,2000,2003,3,0.5000000000001563,-0.5
-2,121700,2001.5,2000,2003,3,0.44721359550012796,0.0
-2,121800,2001.0,2000,2002,2,0.5477225575052868,-1.5
-2,121900,2001.5,2000,2003,3,0.5477225575052868,0.0
-2,122000,2001.5,2000,2003,3,0.22360679775021094,0.0
-2,122100,2001.0,2000,2002,2,0.2738612787527699,0.0
-2,122200,2001.5,2000,2003,3,0.2738612787527699,0.0
-2,122300,2002.0,2001,2003,2,0.3535533905934245,0.5
-2,122400,2001.0,2000,2002,2,0.4183300132671787,0.0
-2,122500,2001.0,2000,2002,2,0.4472135955000882,-0.5
-2,122600,2002.0,2000,2004,4,0.5000000000001208,0.0
-2,122700,2000.5,2000,2001,1,0.6708203932500185,-0.5
-2,122800,2002.0,2000,2004,4,0.6708203932500185,1.0
-2,122900,2002.0,2001,2003,2,0.707106781186628,0.0
-2,123000,2002.5,2001,2004,3,0.7582875444052366,2.0
-2,123100,2002.5,2001,2004,3,0.8215838362578123,0.5
-2,123200,2003.5,2003,2004,1,0.6123724356958468,1.5
-2,123300,2003.5,2003,2004,1,0.670820393249992,1.0
-2,123400,2002.5,2001,2004,3,0.5477225575052543,0.0
-2,123500,2002.5,2001,2004,3,0.5477225575052543,-1.0
-2,123600,2002.5,2001,2004,3,0.5477225575052543,-1.0
-2,123700,2002.5,2001,2004,3,0.4472135955000882,0.0
-2,123800,2002.5,2001,2004,3,0.0,0.0
-2,123900,2003.5,2003,2004,1,0.4472135955000882,1.0
-2,124000,2003.5,2003,2004,1,0.5477225575052543,1.0
-2,124100,2002.5,2001,2004,3,0.5477225575052543,0.0
-2,124200,2003.0,2002,2004,2,0.5000000000000853,-0.5
-2,124300,2002.5,2001,2004,3,0.5000000000000853,-1.0
-2,124400,2002.5,2001,2004,3,0.4472135955000485,0.0
-2,124500,2002.5,2001,2004,3,0.2236067977501315,-0.5
-2,124600,2001.5,2001,2002,1,0.5477225575052543,-1.0
-2,124700,2002.5,2001,2004,3,0.4472135955000882,0.0
-2,124800,2002.5,2001,2004,3,0.4472135955000882,0.0
-2,124900,2002.5,2001,2004,3,0.4472135955000882,1.0
-2,125000,2002.5,2001,2004,3,0.4472135955000882,0.0
-2,125100,2002.5,2001,2004,3,0.0,0.0
-2,125200,2002.0,2001,2003,2,0.22360679775029038,-0.5
-2,125300,2002.5,2001,2004,3,0.22360679775029038,0.0
-2,125400,2002.0,2001,2003,2,0.2738612787528347,-0.5
-2,125500,2002.5,2001,2004,3,0.2738612787528347,0.5
-2,125600,2002.0,2001,2003,2,0.2738612787528347,-0.5
-2,125700,2002.5,2001,2004,3,0.2738612787528347,0.5
-2,125800,2002.5,2001,2004,3,0.2738612787528347,0.0
-2,125900,2002.5,2001,2004,3,0.22360679775029038,0.5
-2,126000,2002.5,2001,2004,3,0.22360679775029038,0.0
-2,126100,2002.5,2001,2004,3,0.0,0.0
-2,126200,2002.5,2001,2004,3,0.0,0.0
-2,126300,2002.5,2001,2004,3,0.0,0.0
-2,126400,2002.5,2001,2004,3,0.0,0.0
-2,126500,2002.5,2001,2004,3,0.0,0.0
-2,126600,2001.0,2000,2002,2,0.6708203932500449,-1.5
-2,126700,2002.5,2001,2004,3,0.6708203932500449,0.0
-2,126800,2002.5,2001,2004,3,0.6708203932500449,0.0
-2,126900,2002.5,2001,2004,3,0.6708203932500449,1.5
-2,127000,2002.5,2001,2004,3,0.6708203932500449,0.0
-2,127100,2002.5,2001,2004,3,0.0,0.0
-2,127200,2002.5,2001,2004,3,0.0,0.0
-2,127300,2002.5,2001,2004,3,0.0,0.0
-2,127400,2002.5,2001,2004,3,0.0,0.0
-2,127500,2002.0,2001,2003,2,0.22360679775029038,-0.5
-2,127600,2001.5,2001,2002,1,0.44721359550012796,-1.0
-2,127700,2002.0,2001,2003,2,0.4183300132672212,-0.5
-2,127800,2002.0,2001,2003,2,0.35355339059347474,0.0
-2,127900,2002.5,2001,2004,3,0.35355339059347474,1.0
-2,128000,2002.5,2001,2004,3,0.4183300132672212,0.5
-2,128100,2002.5,2001,2004,3,0.2738612787528996,0.5
-2,128200,2002.5,2001,2004,3,0.22360679775036982,0.0
-2,128300,2002.0,2001,2003,2,0.22360679775036982,-0.5
-2,128400,2002.5,2001,2004,3,0.22360679775036982,0.0
-2,128500,2002.5,2001,2004,3,0.22360679775036982,0.0
-2,128600,2002.5,2001,2004,3,0.22360679775036982,0.5
-2,128700,2002.0,2001,2003,2,0.2738612787528996,-0.5
-2,128800,2003.5,2003,2004,1,0.5477225575053516,1.0
-2,128900,2003.5,2003,2004,1,0.6708203932500979,1.0
-2,129000,2002.5,2001,2004,3,0.6708203932500979,0.5
-2,129100,2002.5,2001,2004,3,0.6708203932500979,-1.0
-2,129200,2002.5,2001,2004,3,0.547722557505384,-1.0
-2,129300,2002.5,2001,2004,3,0.4472135955002471,0.0
-2,129400,2002.5,2001,2004,3,0.0,0.0
-2,129500,2002.5,2001,2004,3,0.0,0.0
-2,129600,2002.0,2001,2003,2,0.22360679775060815,-0.5
-2,129700,2002.5,2001,2004,3,0.22360679775060815,0.0
-2,129800,2002.5,2001,2004,3,0.22360679775060815,0.0
-2,129900,2002.5,2001,2004,3,0.22360679775060815,0.5
-2,130000,2002.5,2001,2004,3,0.22360679775060815,0.0
-2,130100,2002.5,2001,2004,3,0.0,0.0
-2,130200,2002.5,2001,2004,3,0.0,0.0
-2,130300,2002.5,2001,2004,3,0.0,0.0
-2,130400,2001.5,2001,2002,1,0.4472135955002471,-1.0
-2,130500,2002.5,2001,2004,3,0.4472135955002471,0.0
-2,130600,2003.5,2003,2004,1,0.7071067811867284,1.0
-2,130700,2002.5,2001,2004,3,0.7071067811867284,1.0
-2,130800,2002.0,2001,2003,2,0.7416198487097464,-0.5
-2,130900,2002.5,2001,2004,3,0.547722557505384,-1.0
-2,131000,2002.0,2001,2003,2,0.6123724356959918,-0.5
-2,131100,2001.5,2001,2002,1,0.4183300132673061,-0.5
-2,131200,2002.5,2001,2004,3,0.4183300132673061,0.0
-2,131300,2002.5,2001,2004,3,0.4472135955002074,0.5
-2,131400,2002.5,2001,2004,3,0.4472135955002074,1.0
-2,131500,2002.5,2001,2004,3,0.4472135955002074,0.0
-2,131600,2002.0,2001,2003,2,0.2236067977505287,-0.5
-2,131700,2002.5,2001,2004,3,0.2236067977505287,0.0
-2,131800,2002.5,2001,2004,3,0.2236067977505287,0.0
-2,131900,2002.5,2001,2004,3,0.2236067977505287,0.5
-2,132000,2002.5,2001,2004,3,0.2236067977505287,0.0
-2,132100,2002.5,2001,2004,3,0.0,0.0
-2,132200,2002.5,2001,2004,3,0.0,0.0
-2,132300,2003.0,2002,2004,2,0.2236067977505287,0.5
-2,132400,2002.5,2001,2004,3,0.2236067977505287,0.0
-2,132500,2002.5,2001,2004,3,0.2236067977505287,0.0
-2,132600,2002.0,2001,2003,2,0.35355339059362545,-1.0
-2,132700,2001.5,2001,2002,1,0.5700877125497771,-1.0
-2,132800,2003.0,2001,2005,4,0.5700877125497771,0.5
-2,132900,2003.0,2001,2005,4,0.6519202405204316,1.0
-2,133000,2003.0,2001,2005,4,0.7071067811867032,1.5
-2,133100,2003.5,2002,2005,3,0.7582875444053069,0.5
-2,133200,2003.5,2002,2005,3,0.2738612787530293,0.5
-2,133300,2002.0,2001,2003,2,0.6123724356959918,-1.0
-2,133400,2003.5,2002,2005,3,0.6519202405204588,0.0
-2,133500,2003.0,2001,2005,4,0.6519202405204588,-0.5
-2,133600,2003.5,2002,2005,3,0.6519202405204588,1.5
-2,133700,2003.5,2002,2005,3,0.6519202405204588,0.0
-2,133800,2003.5,2002,2005,3,0.22360679775060815,0.5
-2,133900,2003.5,2002,2005,3,0.22360679775060815,0.0
-2,134000,2003.5,2002,2005,3,0.0,0.0
-2,134100,2004.5,2004,2005,1,0.4472135955002471,1.0
-2,134200,2003.5,2002,2005,3,0.4472135955002471,0.0
-2,134300,2004.5,2004,2005,1,0.547722557505384,1.0
-2,134400,2003.5,2002,2005,3,0.547722557505384,-1.0
-2,134500,2003.5,2002,2005,3,0.547722557505384,0.0
-2,134600,2003.5,2002,2005,3,0.4472135955002471,-1.0
-2,134700,2003.5,2002,2005,3,0.4472135955002471,0.0
-2,134800,2003.0,2002,2004,2,0.22360679775060815,-0.5
-2,134900,2003.5,2002,2005,3,0.22360679775060815,0.0
-2,135000,2003.5,2002,2005,3,0.22360679775060815,0.0
-2,135100,2003.5,2002,2005,3,0.22360679775060815,0.5
-2,135200,2003.5,2002,2005,3,0.22360679775060815,0.0
-2,135300,2003.5,2002,2005,3,0.0,0.0
-2,135400,2003.5,2002,2005,3,0.0,0.0
-2,135500,2003.5,2002,2005,3,0.0,0.0
-2,135600,2003.5,2002,2005,3,0.0,0.0
-2,135700,2003.0,2002,2004,2,0.22360679775060815,-0.5
-2,135800,2003.5,2002,2005,3,0.22360679775060815,0.0
-2,135900,2003.5,2002,2005,3,0.22360679775060815,0.0
-2,136000,2003.0,2002,2004,2,0.2738612787530942,0.0
-2,136100,2003.0,2002,2004,2,0.2738612787530942,-0.5
-2,136200,2003.5,2002,2005,3,0.2738612787530942,0.0
-2,136300,2003.5,2002,2005,3,0.2738612787530942,0.5
-2,136400,2003.5,2002,2005,3,0.2738612787530942,0.5
-2,136500,2003.5,2002,2005,3,0.22360679775060815,0.0
-2,136600,2004.0,2002,2006,4,0.22360679775060815,0.5
-2,136700,2003.5,2002,2005,3,0.22360679775060815,0.0
-2,136800,2003.0,2002,2004,2,0.3535533905936757,-0.5
-2,136900,2004.5,2003,2006,3,0.5700877125498083,0.5
-2,137000,2004.0,2002,2006,4,0.5700877125498083,0.5
-2,137100,2003.0,2002,2004,2,0.6519202405204588,0.0
-2,137200,2002.5,2002,2003,1,0.8215838362579204,-2.0
-2,137300,2004.5,2004,2005,1,0.9082951062293899,0.5
-2,137400,2003.5,2002,2005,3,0.7905694150422656,0.5
-2,137500,2005.0,2004,2006,2,1.0368220676665074,2.5
-2,137600,2004.0,2002,2006,4,0.9617692030836914,-0.5
-2,137700,2004.5,2003,2006,3,0.570087712549746,1.0
-2,137800,2004.5,2003,2006,3,0.570087712549746,-0.5
-2,137900,2004.5,2003,2006,3,0.3535533905935752,0.5
-2,138000,2004.5,2003,2006,3,0.22360679775044925,0.0
-2,138100,2004.5,2003,2006,3,0.0,0.0
-2,138200,2004.5,2003,2006,3,0.0,0.0
-2,138300,2005.5,2005,2006,1,0.44721359550016765,1.0
-2,138400,2004.5,2003,2006,3,0.44721359550016765,0.0
-2,138500,2004.0,2003,2005,2,0.5477225575053192,-0.5
-2,138600,2004.0,2003,2005,2,0.6123724356959338,-1.5
-2,138700,2004.0,2003,2005,2,0.6519202405204044,-0.5
-2,138800,2005.5,2005,2006,1,0.6519202405204044,1.5
-2,138900,2004.5,2003,2006,3,0.6519202405204044,0.5
-2,139000,2005.5,2005,2006,1,0.75828754440526,1.5
-2,139100,2004.5,2003,2006,3,0.6708203932500449,-1.0
-2,139200,2004.0,2003,2005,2,0.6708203932500449,-0.5
-2,139300,2004.5,2003,2006,3,0.5477225575052868,-1.0
-2,139400,2004.5,2003,2006,3,0.5477225575052868,0.0
-2,139500,2005.5,2005,2006,1,0.5477225575052868,1.5
-2,139600,2004.5,2003,2006,3,0.5477225575052868,0.0
-2,139700,2004.5,2003,2006,3,0.44721359550012796,0.0
-2,139800,2004.5,2003,2006,3,0.44721359550012796,-1.0
-2,139900,2004.5,2003,2006,3,0.44721359550012796,0.0
-2,140000,2004.5,2003,2006,3,0.0,0.0
-2,140100,2004.5,2003,2006,3,0.0,0.0
-2,140200,2004.5,2003,2006,3,0.0,0.0
-2,140300,2004.5,2003,2006,3,0.0,0.0
-2,140400,2004.0,2003,2005,2,0.22360679775036982,-0.5
-2,140500,2004.5,2003,2006,3,0.22360679775036982,0.0
-2,140600,2004.5,2003,2006,3,0.22360679775036982,0.0
-2,140700,2005.0,2004,2006,2,0.353553390593525,1.0
-2,140800,2004.5,2003,2006,3,0.353553390593525,0.0
-2,140900,2002.5,2002,2003,1,0.9746794344809999,-2.0
-2,141000,2004.0,2002,2006,4,0.9617692030836729,-1.0
-2,141100,2003.0,2002,2004,2,1.036822067666473,-1.5
-2,141200,2004.0,2002,2006,4,0.8215838362578556,1.5
-2,141300,2004.0,2002,2006,4,0.707106781186653,0.0
-2,141400,2005.5,2005,2006,1,0.8944271910000215,2.5
-2,141500,2003.0,2002,2004,2,1.0246950765960658,-1.0
-2,141600,2003.0,2002,2004,2,1.0246950765960658,-1.0
-2,141700,2005.0,2004,2006,2,1.1401754250992457,-0.5
-2,141800,2004.5,2003,2006,3,1.15108644332224,1.5
-2,141900,2004.0,2002,2006,4,0.8944271910000613,1.0
-2,142000,2003.5,2002,2005,3,0.7905694150422431,-1.5
-2,142100,2003.0,2002,2004,2,0.7905694150422431,-1.5
-2,142200,2004.5,2003,2006,3,0.6519202405204316,0.5
-2,142300,2003.5,2002,2005,3,0.5700877125497771,0.0
-2,142400,2004.0,2002,2006,4,0.5700877125497771,1.0
-2,142500,2004.0,2002,2006,4,0.5700877125497771,-0.5
-2,142600,2004.5,2003,2006,3,0.4183300132673486,1.0
-2,142700,2004.5,2003,2006,3,0.4183300132673486,0.5
-2,142800,2005.5,2005,2006,1,0.6123724356960207,1.5
-2,142900,2004.5,2003,2006,3,0.5477225575054165,0.0
-2,143000,2004.5,2003,2006,3,0.44721359550028683,0.0
-2,143100,2004.5,2003,2006,3,0.44721359550028683,-1.0
-2,143200,2004.5,2003,2006,3,0.44721359550028683,0.0
-2,143300,2004.5,2003,2006,3,0.0,0.0
-2,143400,2004.5,2003,2006,3,0.0,0.0
-2,143500,2004.5,2003,2006,3,0.0,0.0
-2,143600,2003.5,2003,2004,1,0.44721359550028683,-1.0
-2,143700,2004.5,2003,2006,3,0.44721359550028683,0.0
-2,143800,2004.0,2003,2005,2,0.44721359550028683,-0.5
-2,143900,2005.5,2005,2006,1,0.7416198487097464,2.0
-2,144000,2004.0,2002,2006,4,0.7582875444053303,-0.5
-2,144100,2004.0,2003,2005,2,0.6519202405204861,0.0
-2,144200,2004.5,2003,2006,3,0.6519202405204861,-1.0
-2,144300,2003.5,2003,2004,1,0.7582875444053303,-0.5
-2,144400,2004.5,2003,2006,3,0.4183300132673486,0.5
-2,144500,2003.0,2002,2004,2,0.6519202405204861,-1.5
-2,144600,2004.0,2002,2006,4,0.6519202405204861,0.5
-2,144700,2003.0,2002,2004,2,0.6519202405204861,-1.5
-2,144800,2003.0,2002,2004,2,0.7071067811867535,0.0
-2,144900,2004.0,2002,2006,4,0.5477225575054165,0.0
-2,145000,2003.5,2002,2005,3,0.5000000000002629,0.5
-2,145100,2003.5,2002,2005,3,0.4183300132673486,0.5
-2,145200,2003.5,2002,2005,3,0.35355339059362545,-0.5
-2,145300,2003.0,2002,2004,2,0.35355339059362545,-0.5
-2,145400,2003.0,2002,2004,2,0.2738612787530293,-0.5
-2,145500,2003.5,2002,2005,3,0.2738612787530293,0.0
-2,145600,2003.5,2002,2005,3,0.2738612787530293,0.5
-2,145700,2003.5,2002,2005,3,0.2738612787530293,0.5
-2,145800,2005.0,2004,2006,2,0.7582875444053069,1.5
-2,145900,2004.5,2004,2005,1,0.7071067811867032,1.0
-2,146000,2004.5,2004,2005,1,0.6708203932500979,1.0
-2,146100,2003.5,2002,2005,3,0.6708203932500979,-1.5
-2,146200,2003.0,2002,2004,2,0.8215838362578556,-1.5
-2,146300,2003.5,2002,2005,3,0.6708203932500449,-1.0
-2,146400,2002.5,2002,2003,1,0.7416198487096746,-1.0
-2,146500,2003.5,2002,2005,3,0.44721359550016765,0.5
-2,146600,2003.0,2002,2004,2,0.41833001326726366,-0.5
-2,146700,2003.0,2002,2004,2,0.41833001326726366,0.5
-2,146800,2004.5,2004,2005,1,0.7582875444052835,1.0
-2,146900,2002.5,2002,2003,1,0.7582875444052835,-0.5
-2,147000,2003.5,2002,2005,3,0.7582875444052835,0.5
-2,147100,2003.0,2002,2004,2,0.7582875444052835,-1.5
-2,147200,2003.5,2002,2005,3,0.7416198487096985,1.0
-2,147300,2003.5,2002,2005,3,0.4472135955002074,0.0
-2,147400,2003.5,2002,2005,3,0.22360679775044925,0.5
-2,147500,2003.5,2002,2005,3,0.22360679775044925,0.0
-2,147600,2003.5,2002,2005,3,0.0,0.0
-2,147700,2003.5,2002,2005,3,0.0,0.0
-2,147800,2004.5,2004,2005,1,0.44721359550016765,1.0
-2,147900,2003.5,2002,2005,3,0.44721359550016765,0.0
-2,148000,2003.5,2003,2004,1,0.44721359550016765,0.0
-2,148100,2003.5,2002,2005,3,0.44721359550016765,-1.0
-2,148200,2004.5,2004,2005,1,0.5477225575053192,1.0
-2,148300,2003.0,2002,2004,2,0.5477225575053192,-0.5
-2,148400,2004.0,2003,2005,2,0.5700877125497148,0.5
-2,148500,2004.5,2004,2005,1,0.6519202405203771,0.0
-2,148600,2003.5,2002,2005,3,0.6519202405203771,0.5
-2,148700,2003.5,2002,2005,3,0.5700877125497148,-0.5
-2,148800,2003.5,2002,2005,3,0.44721359550012796,-1.0
-2,148900,2003.5,2003,2004,1,0.44721359550012796,0.0
-2,149000,2003.5,2002,2005,3,0.0,0.0
-2,149100,2003.5,2002,2005,3,0.0,0.0
-2,149200,2003.5,2002,2005,3,0.0,0.0
-2,149300,2003.5,2002,2005,3,0.0,0.0
-2,149400,2002.5,2002,2003,1,0.44721359550012796,-1.0
-2,149500,2003.0,2002,2004,2,0.44721359550012796,-0.5
-2,149600,2003.5,2002,2005,3,0.44721359550012796,0.0
-2,149700,2003.5,2002,2005,3,0.44721359550012796,1.0
-2,149800,2003.5,2002,2005,3,0.44721359550012796,0.5
-2,149900,2003.0,2002,2004,2,0.2738612787528347,-0.5
-2,150000,2003.5,2003,2004,1,0.22360679775029038,0.0
-2,150100,2003.0,2002,2004,2,0.2738612787528347,-0.5
-2,150200,2003.0,2002,2004,2,0.2738612787528347,0.0
-2,150300,2002.0,2001,2003,2,0.5477225575053192,-1.5
-2,150400,2002.5,2001,2004,3,0.5700877125497148,-0.5
-2,150500,2003.5,2003,2004,1,0.5700877125497148,0.5
-2,150600,2002.5,2001,2004,3,0.5700877125497148,0.5
-2,150700,2002.5,2001,2004,3,0.5477225575053192,0.0
-2,150800,2002.0,2001,2003,2,0.5477225575053192,-1.5
-2,150900,2002.5,2001,2004,3,0.5477225575053192,0.0
-2,151000,2002.5,2001,2004,3,0.22360679775029038,0.0
-2,151100,2002.5,2001,2004,3,0.22360679775029038,0.5
-2,151200,2003.0,2001,2005,4,0.35355339059347474,0.5
-2,151300,2001.5,2001,2002,1,0.5477225575053192,-1.0
-2,151400,2002.5,2001,2004,3,0.5477225575053192,0.0
-2,151500,2002.0,2001,2003,2,0.5700877125497148,-1.0
-2,151600,2003.0,2002,2004,2,0.6519202405203771,1.5
-2,151700,2002.5,2001,2004,3,0.5700877125497148,0.0
-2,151800,2002.5,2001,2004,3,0.353553390593525,0.5
-2,151900,2001.5,2001,2002,1,0.5700877125497148,-1.5
-2,152000,2004.5,2004,2005,1,1.0954451150104212,2.0
-2,152100,2003.0,2001,2005,4,1.0954451150104212,0.5
-2,152200,2002.5,2001,2004,3,1.0954451150104212,1.0
-2,152300,2002.5,2001,2004,3,1.0954451150104212,-2.0
-2,152400,2001.5,2001,2002,1,1.0954451150104212,-1.5
-2,152500,2002.5,2001,2004,3,0.5477225575053192,0.0
-2,152600,2002.5,2001,2004,3,0.44721359550016765,0.0
-2,152700,2003.5,2002,2005,3,0.7071067811866781,2.0
-2,152800,2004.0,2003,2005,2,0.9746794344809999,1.5
-2,152900,2003.0,2001,2005,4,0.6519202405204316,0.5
-2,153000,2003.5,2002,2005,3,0.5700877125497771,0.0
-2,153100,2003.5,2002,2005,3,0.35355339059362545,-0.5
-2,153200,2003.0,2001,2005,4,0.4183300132673486,0.0
-2,153300,2003.5,2002,2005,3,0.2738612787530942,0.0
-2,153400,2002.5,2002,2003,1,0.44721359550028683,-1.0
-2,153500,2003.5,2002,2005,3,0.44721359550028683,0.5
-2,153600,2003.5,2002,2005,3,0.44721359550028683,0.0
-2,153700,2003.0,2002,2004,2,0.44721359550028683,0.5
-2,153800,2004.5,2004,2005,1,0.7416198487097464,1.0
-2,153900,2003.5,2002,2005,3,0.547722557505384,0.0
-2,154000,2003.5,2002,2005,3,0.547722557505384,0.5
-2,154100,2003.5,2002,2005,3,0.547722557505384,-1.0
-2,154200,2002.0,2001,2003,2,0.8944271910000812,-1.5
-2,154300,2003.5,2002,2005,3,0.6708203932501774,0.0
-2,154400,2003.5,2002,2005,3,0.6708203932501774,0.0
-2,154500,2004.5,2004,2005,1,0.8944271910000812,2.5
-2,154600,2003.5,2002,2005,3,0.8944271910000812,0.0
-2,154700,2001.5,2001,2002,1,1.0954451150104374,-2.0
-2,154800,2001.5,2001,2002,1,1.3416407864999733,-3.0
-2,154900,2004.0,2003,2005,2,1.4142135623731955,0.5
-2,155000,2003.5,2002,2005,3,1.2041594578793517,2.0
-2,155100,2003.5,2002,2005,3,1.2041594578793517,2.0
-2,155200,2002.0,2001,2003,2,1.083974169434096,-2.0
-2,155300,2003.0,2001,2005,4,0.7582875444053537,-0.5
-2,155400,2003.0,2001,2005,4,0.6123724356960498,-0.5
-2,155500,2003.0,2001,2005,4,0.547722557505449,1.0
-2,155600,2003.0,2001,2005,4,0.4472135955003265,0.0
-2,155700,2003.0,2001,2005,4,0.0,0.0
-2,155800,2002.5,2001,2004,3,0.22360679775076703,-0.5
-2,155900,2003.5,2002,2005,3,0.3535533905937762,0.5
-2,156000,2002.5,2001,2004,3,0.418330013267476,-0.5
-2,156100,2003.5,2003,2004,1,0.5000000000003695,1.0
-2,156200,2001.5,2001,2002,1,0.8366600265343066,-2.0
-2,156300,2002.5,2001,2004,3,0.8366600265343066,0.0
-2,156400,2003.0,2002,2004,2,0.7416198487098422,-0.5
-2,156500,2002.0,2001,2003,2,0.7905694150423555,0.5
-2,156600,2002.5,2001,2004,3,0.570087712549933,0.0
-2,156700,2002.5,2001,2004,3,0.3535533905938767,-0.5
-2,156800,2003.0,2001,2005,4,0.4183300132675609,1.0
-2,156900,2002.5,2001,2004,3,0.3535533905938767,0.0
-2,157000,2002.5,2001,2004,3,0.2236067977509259,0.0
-2,157100,2002.5,2001,2004,3,0.2236067977509259,-0.5
-2,157200,2002.5,2001,2004,3,0.2236067977509259,0.0
-2,157300,2002.5,2001,2004,3,0.0,0.0
-2,157400,2002.5,2001,2004,3,0.0,0.0
-2,157500,2003.0,2001,2005,4,0.2236067977509259,0.5
-2,157600,2003.5,2003,2004,1,0.4472135955004457,1.0
-2,157700,2002.5,2001,2004,3,0.4472135955004457,0.0
-2,157800,2003.5,2002,2005,3,0.5000000000004405,0.5
-2,157900,2001.5,2001,2002,1,0.8366600265343278,-2.0
-2,158000,2001.5,2001,2002,1,1.0000000000002096,-1.0
-2,158100,2003.5,2002,2005,3,1.0000000000002096,0.0
-2,158200,2003.5,2002,2005,3,1.0954451150105184,2.0
-2,158300,2003.5,2002,2005,3,1.0954451150105184,2.0
-2,158400,2003.0,2002,2004,2,0.8660254037846643,-0.5
-2,158500,2003.0,2002,2004,2,0.27386127875328875,-0.5
-2,158600,2003.0,2002,2004,2,0.27386127875328875,-0.5
-2,158700,2003.5,2002,2005,3,0.27386127875328875,0.5
-2,158800,2003.5,2002,2005,3,0.27386127875328875,0.5
-2,158900,2003.5,2002,2005,3,0.27386127875328875,0.5
-2,159000,2003.5,2002,2005,3,0.22360679775084646,0.0
-2,159100,2003.5,2002,2005,3,0.0,0.0
-2,159200,2003.5,2002,2005,3,0.0,0.0
-2,159300,2003.5,2002,2005,3,0.0,0.0
-2,159400,2003.0,2002,2004,2,0.22360679775084646,-0.5
-2,159500,2003.5,2002,2005,3,0.22360679775084646,0.0
-2,159600,2003.0,2002,2004,2,0.27386127875328875,-0.5
-2,159700,2004.0,2002,2006,4,0.418330013267476,1.0
-2,159800,2003.5,2002,2005,3,0.418330013267476,0.0
-2,159900,2003.5,2002,2005,3,0.3535533905937762,0.5
-2,160000,2003.5,2002,2005,3,0.3535533905937762,-0.5
-2,160100,2003.5,2002,2005,3,0.22360679775076703,0.0
-2,160200,2003.5,2002,2005,3,0.0,0.0
-2,160300,2004.5,2004,2005,1,0.4472135955003265,1.0
-2,160400,2003.5,2002,2005,3,0.4472135955003265,0.0
-2,160500,2003.5,2002,2005,3,0.4472135955003265,0.0
-2,160600,2004.0,2003,2005,2,0.4472135955003265,-0.5
-2,160700,2002.5,2002,2003,1,0.7416198487097704,-1.0
-2,160800,2003.5,2002,2005,3,0.5477225575054165,0.0
-2,160900,2003.5,2002,2005,3,0.5477225575054165,-0.5
-2,161000,2004.0,2002,2006,4,0.6123724356960207,1.5
-2,161100,2004.0,2002,2006,4,0.6123724356960207,0.5
-2,161200,2002.5,2002,2003,1,0.6123724356960207,-1.0
-2,161300,2004.0,2002,2006,4,0.6519202405204861,0.0
-2,161400,2004.0,2002,2006,4,0.6708203932501509,0.0
-2,161500,2003.0,2002,2004,2,0.7071067811867535,0.5
-2,161600,2003.5,2002,2005,3,0.6519202405204861,-0.5
-2,161700,2004.5,2004,2005,1,0.5700877125498083,0.5
-2,161800,2003.0,2002,2004,2,0.6519202405204588,0.0
-2,161900,2003.5,2002,2005,3,0.6123724356959918,0.0
-2,162000,2003.5,2002,2005,3,0.547722557505384,-1.0
-2,162100,2003.5,2002,2005,3,0.547722557505384,0.5
-2,162200,2003.5,2002,2005,3,0.22360679775044925,0.0
-2,162300,2003.0,2001,2005,4,0.22360679775044925,-0.5
-2,162400,2001.5,2001,2002,1,0.8660254037845617,-2.0
-2,162500,2003.0,2001,2005,4,0.8215838362578771,-0.5
-2,162600,2003.5,2002,2005,3,0.8215838362578771,0.5
-2,162700,2003.5,2002,2005,3,0.8215838362578771,2.0
-2,162800,2003.0,2001,2005,4,0.8215838362578771,0.0
-2,162900,2003.5,2002,2005,3,0.2738612787528996,0.0
-2,163000,2002.5,2001,2004,3,0.44721359550016765,-1.0
-2,163100,2002.0,2001,2003,2,0.6519202405204316,-1.0
-2,163200,2004.0,2003,2005,2,0.7905694150422431,0.5
-2,163300,2004.5,2004,2005,1,1.0368220676665074,2.0
-2,163400,2003.5,2002,2005,3,1.0368220676665074,1.5
-2,163500,2002.5,2001,2004,3,1.0368220676665074,-1.5
-2,163600,2001.5,2001,2002,1,1.2041594578793517,-3.0
-2,163700,2003.0,2001,2005,4,1.1180339887500315,-0.5
-2,163800,2002.0,2001,2003,2,0.7905694150422881,-0.5
-2,163900,2002.5,2001,2004,3,0.5700877125498395,1.0
-2,164000,2003.5,2002,2005,3,0.7905694150422881,0.5
-2,164100,2002.5,2001,2004,3,0.5700877125498395,0.5
-2,164200,2002.5,2001,2004,3,0.547722557505449,0.0
-2,164300,2002.0,2001,2003,2,0.547722557505449,-1.5
-2,164400,2003.0,2001,2005,4,0.5700877125498395,0.5
-2,164500,2002.0,2001,2003,2,0.4183300132674335,-0.5
-2,164600,2003.5,2002,2005,3,0.6519202405205407,1.5
-2,164700,2003.5,2002,2005,3,0.7582875444054006,0.5
-2,164800,2003.5,2002,2005,3,0.6519202405205679,1.5
-2,164900,2003.5,2002,2005,3,0.6708203932502304,0.0
-2,165000,2003.5,2002,2005,3,0.0,0.0
-2,165100,2003.5,2002,2005,3,0.0,0.0
-2,165200,2003.5,2002,2005,3,0.0,0.0
-2,165300,2003.5,2002,2005,3,0.0,0.0
-2,165400,2003.5,2002,2005,3,0.0,0.0
-2,165500,2003.0,2002,2004,2,0.22360679775084646,-0.5
-2,165600,2003.5,2002,2005,3,0.22360679775084646,0.0
-2,165700,2003.0,2002,2004,2,0.27386127875328875,-0.5
-2,165800,2003.5,2002,2005,3,0.27386127875328875,0.5
-2,165900,2003.5,2002,2005,3,0.27386127875328875,0.0
-2,166000,2004.0,2003,2005,2,0.35355339059382646,1.0
-2,166100,2003.5,2002,2005,3,0.35355339059382646,0.0
-2,166200,2003.0,2002,2004,2,0.35355339059382646,-0.5
-2,166300,2003.5,2002,2005,3,0.35355339059382646,-0.5
-2,166400,2003.5,2002,2005,3,0.35355339059382646,0.0
-2,166500,2003.5,2002,2005,3,0.22360679775084646,0.5
-2,166600,2002.5,2002,2003,1,0.447213595500406,-1.0
-2,166700,2003.5,2002,2005,3,0.447213595500406,0.0
-2,166800,2003.5,2002,2005,3,0.447213595500406,0.0
-2,166900,2003.5,2002,2005,3,0.447213595500406,1.0
-2,167000,2003.5,2002,2005,3,0.447213595500406,0.0
-2,167100,2003.5,2002,2005,3,0.0,0.0
-2,167200,2003.5,2002,2005,3,0.0,0.0
-2,167300,2004.0,2002,2006,4,0.2236067977509259,0.5
-2,167400,2003.5,2002,2005,3,0.2236067977509259,0.0
-2,167500,2003.5,2002,2005,3,0.2236067977509259,0.0
-2,167600,2003.5,2002,2005,3,0.2236067977509259,-0.5
-2,167700,2003.5,2002,2005,3,0.2236067977509259,0.0
-2,167800,2004.5,2004,2005,1,0.447213595500406,1.0
-2,167900,2003.5,2002,2005,3,0.447213595500406,0.0
-2,168000,2003.0,2002,2004,2,0.5477225575055138,-0.5
-2,168100,2003.5,2002,2005,3,0.5477225575055138,-1.0
-2,168200,2003.5,2002,2005,3,0.5477225575055138,0.0
-2,168300,2003.0,2002,2004,2,0.2738612787532239,0.0
-2,168400,2003.5,2002,2005,3,0.2738612787532239,0.0
-2,168500,2003.5,2002,2005,3,0.22360679775076703,0.0
-2,168600,2003.5,2002,2005,3,0.22360679775076703,0.5
-2,168700,2003.5,2002,2005,3,0.22360679775076703,0.0
-2,168800,2003.5,2002,2005,3,0.0,0.0
-2,168900,2003.0,2002,2004,2,0.22360679775076703,-0.5
-2,169000,2003.0,2002,2004,2,0.2738612787532239,-0.5
-2,169100,2003.5,2002,2005,3,0.2738612787532239,0.0
-2,169200,2003.0,2002,2004,2,0.2738612787532239,0.0
-2,169300,2002.5,2002,2003,1,0.3535533905937762,-0.5
-2,169400,2003.5,2002,2005,3,0.418330013267476,0.0
-2,169500,2004.5,2004,2005,1,0.7416198487097944,1.5
-2,169600,2004.5,2004,2005,1,0.8944271910001208,2.0
-2,169700,2003.0,2002,2004,2,0.8944271910001208,-0.5
-2,169800,2003.5,2002,2005,3,0.6708203932502304,-1.0
-2,169900,2004.5,2004,2005,1,0.7071067811868289,0.0
-2,170000,2002.5,2002,2003,1,0.8944271910001208,-0.5
-2,170100,2003.5,2002,2005,3,0.7416198487097944,0.0
-2,170200,2003.5,2002,2005,3,0.7071067811867786,-1.0
-2,170300,2003.5,2002,2005,3,0.7071067811867786,1.0
-2,170400,2004.5,2004,2005,1,0.7071067811867786,1.0
-2,170500,2003.0,2001,2005,4,0.547722557505449,-0.5
-2,170600,2003.5,2002,2005,3,0.547722557505449,0.0
-2,170700,2003.0,2001,2005,4,0.6123724356960498,-1.5
-2,170800,2003.5,2002,2005,3,0.6123724356960498,0.5
-2,170900,2002.0,2001,2003,2,0.6123724356960498,-1.5
-2,171000,2003.0,2001,2005,4,0.6123724356960498,0.0
-2,171100,2002.0,2001,2003,2,0.6708203932501774,-1.5
-2,171200,2003.0,2002,2004,2,0.6708203932501774,1.0
-2,171300,2004.0,2003,2005,2,0.8366600265342853,1.0
-2,171400,2002.5,2001,2004,3,0.7416198487098182,0.5
-2,171500,2002.5,2001,2004,3,0.7582875444054006,-0.5
-2,171600,2002.5,2001,2004,3,0.6519202405205679,-1.5
-2,171700,2002.0,2001,2003,2,0.758287544405424,-0.5
-2,171800,2002.5,2001,2004,3,0.2236067977509259,0.0
-2,171900,2002.5,2001,2004,3,0.2236067977509259,0.0
-2,172000,2002.5,2001,2004,3,0.2236067977509259,0.5
-2,172100,2002.5,2001,2004,3,0.2236067977509259,0.0
-2,172200,2002.0,2001,2003,2,0.2236067977509259,-0.5
-2,172300,2002.0,2001,2003,2,0.27386127875335364,-0.5
-2,172400,2002.5,2001,2004,3,0.27386127875335364,0.0
-2,172500,2002.5,2001,2004,3,0.27386127875335364,0.5
-2,172600,2002.5,2001,2004,3,0.27386127875335364,0.5
-2,172700,2002.5,2001,2004,3,0.2236067977509259,0.0
-2,172800,2002.5,2001,2004,3,0.0,0.0
-2,172900,2002.5,2001,2004,3,0.0,0.0
-2,173000,2003.5,2003,2004,1,0.447213595500406,1.0
-2,173100,2002.5,2001,2004,3,0.447213595500406,0.0
-2,173200,2002.5,2001,2004,3,0.447213595500406,0.0
-2,173300,2002.5,2001,2004,3,0.447213595500406,-1.0
-2,173400,2002.5,2001,2004,3,0.447213595500406,0.0
-2,173500,2003.0,2001,2005,4,0.2236067977509259,0.5
-2,173600,2004.5,2004,2005,1,0.8660254037846847,2.0
-2,173700,2002.0,2001,2003,2,0.9617692030838022,-0.5
-2,173800,2003.0,2001,2005,4,0.9354143466937208,0.0
-2,173900,2003.0,2001,2005,4,0.8944271910001605,-1.5
-2,174000,2003.0,2001,2005,4,0.8944271910001605,1.0
-2,174100,2003.5,2003,2004,1,0.5477225575055138,0.5
-2,174200,2002.5,2001,2004,3,0.3535533905937762,-0.5
-2,174300,2003.0,2001,2005,4,0.3535533905937762,0.0
-2,174400,2001.5,2001,2002,1,0.7582875444054006,-2.0
-2,174500,2002.5,2001,2004,3,0.7416198487098182,0.0
-2,174600,2002.5,2001,2004,3,0.5477225575054814,-0.5
-2,174700,2003.5,2003,2004,1,0.7416198487098182,2.0
-2,174800,2002.5,2001,2004,3,0.7071067811868038,0.0
-2,174900,2002.0,2001,2003,2,0.5477225575054814,-0.5
-2,175000,2002.5,2001,2004,3,0.5477225575054814,-1.0
-2,175100,2002.5,2001,2004,3,0.5477225575054814,0.0
-2,175200,2002.0,2001,2003,2,0.273861278753159,0.0
-2,175300,2002.5,2001,2004,3,0.273861278753159,0.0
-2,175400,2002.5,2001,2004,3,0.2236067977506876,0.0
-2,175500,2002.5,2001,2004,3,0.2236067977506876,0.5
-2,175600,2003.5,2003,2004,1,0.5477225575054814,1.0
-2,175700,2002.0,2001,2003,2,0.5477225575054814,-0.5
-2,175800,2003.5,2002,2005,3,0.6708203932502038,1.0
-2,175900,2003.0,2001,2005,4,0.6519202405205407,-0.5
-2,176000,2001.5,2001,2002,1,0.9082951062294485,-0.5
-2,176100,2004.5,2004,2005,1,1.193733638631471,1.0
-2,176200,2003.0,2001,2005,4,1.0839741694340796,0.0
-2,176300,2003.5,2002,2005,3,1.0839741694340796,2.0
-2,176400,2003.5,2002,2005,3,1.0954451150104698,-1.0
-2,176500,2003.5,2002,2005,3,0.5477225575054165,0.5
-2,176600,2003.5,2002,2005,3,0.2236067977505287,0.0
-2,176700,2002.0,2001,2003,2,0.6708203932501244,-1.5
-2,176800,2003.5,2002,2005,3,0.6708203932501244,0.0
-2,176900,2001.5,2001,2002,1,0.9746794344810181,-2.0
-2,177000,2003.0,2002,2004,2,0.9082951062293703,1.0
-2,177100,2003.0,2002,2004,2,0.8215838362578988,-0.5
-2,177200,2003.5,2002,2005,3,0.8215838362578988,2.0
-2,177300,2003.5,2002,2005,3,0.8215838362578988,0.5
-2,177400,2003.5,2002,2005,3,0.27386127875296445,0.5
-2,177500,2003.0,2002,2004,2,0.27386127875296445,-0.5
-2,177600,2003.5,2002,2005,3,0.22360679775044925,0.0
-2,177700,2003.5,2002,2005,3,0.22360679775044925,0.0
-2,177800,2003.5,2002,2005,3,0.22360679775044925,0.5
-2,177900,2003.5,2002,2005,3,0.22360679775044925,0.0
-2,178000,2003.5,2002,2005,3,0.0,0.0
-2,178100,2004.0,2003,2005,2,0.22360679775044925,0.5
-2,178200,2004.5,2004,2005,1,0.4472135955002074,1.0
-2,178300,2003.5,2002,2005,3,0.4472135955002074,0.0
-2,178400,2003.0,2002,2004,2,0.5700877125497771,-1.0
-2,178500,2003.0,2002,2004,2,0.6519202405204316,-1.5
-2,178600,2004.0,2002,2006,4,0.6519202405204316,0.5
-2,178700,2002.5,2002,2003,1,0.570087712549746,-0.5
-2,178800,2002.5,2002,2003,1,0.6123724356959628,-0.5
-2,178900,2003.5,2002,2005,3,0.6519202405204316,-0.5
-2,179000,2003.5,2002,2005,3,0.6708203932500979,1.0
-2,179100,2003.5,2002,2005,3,0.547722557505384,1.0
-2,179200,2003.5,2002,2005,3,0.4472135955002471,0.0
-2,179300,2003.5,2002,2005,3,0.0,0.0
-2,179400,2003.5,2002,2005,3,0.0,0.0
-2,179500,2004.5,2004,2005,1,0.4472135955002471,1.0
-2,179600,2003.5,2002,2005,3,0.4472135955002471,0.0
-2,179700,2003.5,2002,2005,3,0.4472135955002471,0.0
-2,179800,2003.5,2002,2005,3,0.4472135955002471,-1.0
-2,179900,2003.5,2002,2005,3,0.4472135955002471,0.0
-2,180000,2003.5,2002,2005,3,0.0,0.0
-2,180100,2003.5,2002,2005,3,0.0,0.0
-2,180200,2003.5,2002,2005,3,0.0,0.0
-2,180300,2004.5,2004,2005,1,0.4472135955002471,1.0
-2,180400,2003.5,2002,2005,3,0.4472135955002471,0.0
-2,180500,2003.5,2002,2005,3,0.4472135955002471,0.0
-2,180600,2002.5,2002,2003,1,0.7071067811867284,-2.0
-2,180700,2003.0,2002,2004,2,0.7416198487097464,-0.5
-2,180800,2003.5,2002,2005,3,0.44721359550028683,0.0
-2,180900,2003.5,2002,2005,3,0.44721359550028683,1.0
-2,181000,2003.5,2002,2005,3,0.44721359550028683,0.5
-2,181100,2003.5,2002,2005,3,0.22360679775060815,0.0
-2,181200,2004.5,2004,2005,1,0.4472135955002471,1.0
-2,181300,2003.5,2002,2005,3,0.4472135955002471,0.0
-2,181400,2003.5,2002,2005,3,0.4472135955002471,0.0
-2,181500,2003.5,2002,2005,3,0.4472135955002471,-1.0
-2,181600,2003.5,2002,2005,3,0.4472135955002471,0.0
-2,181700,2003.5,2002,2005,3,0.0,0.0
-2,181800,2003.0,2002,2004,2,0.22360679775060815,-0.5
-2,181900,2003.5,2002,2005,3,0.22360679775060815,0.0
-2,182000,2003.5,2002,2005,3,0.22360679775060815,0.0
-2,182100,2003.5,2002,2005,3,0.22360679775060815,0.5
-2,182200,2003.5,2002,2005,3,0.22360679775060815,0.0
-2,182300,2003.5,2002,2005,3,0.0,0.0
-2,182400,2003.5,2002,2005,3,0.0,0.0
-2,182500,2003.5,2002,2005,3,0.0,0.0
-2,182600,2003.5,2002,2005,3,0.0,0.0
-2,182700,2003.5,2002,2005,3,0.0,0.0
-2,182800,2002.0,2001,2003,2,0.6708203932501509,-1.5
-2,182900,2003.5,2002,2005,3,0.6708203932501509,0.0
-2,183000,2002.5,2002,2003,1,0.7071067811867535,-1.0
-2,183100,2003.0,2001,2005,4,0.6519202405204861,1.0
-2,183200,2003.5,2002,2005,3,0.6519202405204861,0.0
-2,183300,2004.5,2004,2005,1,0.7416198487097224,2.0
-2,183400,2003.5,2002,2005,3,0.7416198487097224,0.5
-2,183500,2003.5,2002,2005,3,0.5477225575053516,0.0
-2,183600,2003.5,2002,2005,3,0.4472135955002074,-1.0
-2,183700,2003.5,2002,2005,3,0.4472135955002074,0.0
-2,183800,2003.0,2002,2004,2,0.2236067977505287,-0.5
-2,183900,2003.5,2002,2005,3,0.2236067977505287,0.0
-2,184000,2004.5,2004,2005,1,0.5477225575054165,1.0
-2,184100,2003.5,2002,2005,3,0.5477225575054165,0.5
-2,184200,2003.0,2002,2004,2,0.6123724356960207,-0.5
-2,184300,2003.0,2002,2004,2,0.6123724356960207,-1.5
-2,184400,2003.5,2002,2005,3,0.6123724356960207,0.0
-2,184500,2003.0,2002,2004,2,0.2738612787530942,0.0
-2,184600,2003.5,2002,2005,3,0.2738612787530942,0.5
-2,184700,2003.5,2002,2005,3,0.2738612787530942,0.0
-2,184800,2003.5,2003,2004,1,0.22360679775060815,0.5
-2,184900,2003.5,2002,2005,3,0.22360679775060815,0.0
-2,185000,2003.5,2002,2005,3,0.0,0.0
-2,185100,2003.5,2002,2005,3,0.0,0.0
-2,185200,2003.0,2002,2004,2,0.22360679775060815,-0.5
-2,185300,2003.5,2002,2005,3,0.22360679775060815,0.0
-2,185400,2003.5,2002,2005,3,0.22360679775060815,0.0
-2,185500,2003.5,2002,2005,3,0.22360679775060815,0.5
-2,185600,2003.5,2002,2005,3,0.22360679775060815,0.0
-2,185700,2003.0,2002,2004,2,0.22360679775060815,-0.5
-2,185800,2003.5,2002,2005,3,0.22360679775060815,0.0
-2,185900,2003.0,2002,2004,2,0.2738612787530942,-0.5
-2,186000,2003.0,2002,2004,2,0.2738612787530942,0.0
-2,186100,2003.5,2002,2005,3,0.2738612787530942,0.0
-2,186200,2003.5,2002,2005,3,0.2738612787530942,0.5
-2,186300,2003.0,2002,2004,2,0.2738612787530942,0.0
-2,186400,2003.5,2002,2005,3,0.2738612787530942,0.0
-2,186500,2003.0,2002,2004,2,0.2738612787530942,-0.5
-2,186600,2003.5,2002,2005,3,0.2738612787530942,0.5
-2,186700,2003.5,2002,2005,3,0.2738612787530942,0.0
-2,186800,2003.5,2002,2005,3,0.22360679775060815,0.5
-2,186900,2003.5,2002,2005,3,0.22360679775060815,0.0
-2,187000,2003.5,2002,2005,3,0.0,0.0
-2,187100,2003.5,2002,2005,3,0.0,0.0
-2,187200,2003.5,2002,2005,3,0.0,0.0
-2,187300,2004.5,2004,2005,1,0.4472135955002471,1.0
-2,187400,2003.5,2002,2005,3,0.4472135955002471,0.0
-2,187500,2004.5,2004,2005,1,0.547722557505384,1.0
-2,187600,2003.5,2002,2005,3,0.547722557505384,-1.0
-2,187700,2003.0,2002,2004,2,0.6708203932500979,-0.5
-2,187800,2003.5,2002,2005,3,0.5477225575053516,-1.0
-2,187900,2003.5,2002,2005,3,0.5477225575053516,0.0
-2,188000,2003.5,2002,2005,3,0.22360679775036982,0.5
-2,188100,2003.5,2002,2005,3,0.22360679775036982,0.0
-2,188200,2003.5,2002,2005,3,0.0,0.0
-2,188300,2002.0,2001,2003,2,0.6708203932500715,-1.5
-2,188400,2003.0,2001,2005,4,0.6519202405204044,-0.5
-2,188500,2002.5,2002,2003,1,0.6519202405204044,-1.0
-2,188600,2003.0,2001,2005,4,0.570087712549746,1.0
-2,188700,2004.5,2004,2005,1,0.9354143466935879,1.5
-2,188800,2004.0,2003,2005,2,0.8215838362578556,1.5
-2,188900,2004.5,2004,2005,1,0.9082951062293312,1.5
-2,189000,2003.0,2001,2005,4,0.7582875444052366,-1.5
-2,189100,2003.5,2002,2005,3,0.6519202405203771,-0.5
-2,189200,2003.5,2002,2005,3,0.5700877125497148,-1.0
-2,189300,2003.5,2002,2005,3,0.5477225575053192,0.5
-2,189400,2004.5,2004,2005,1,0.5477225575053192,1.0
-2,189500,2003.5,2002,2005,3,0.44721359550016765,0.0
-2,189600,2002.5,2002,2003,1,0.7071067811866781,-1.0
-2,189700,2003.5,2002,2005,3,0.7071067811866781,-1.0
-2,189800,2004.5,2004,2005,1,0.8366600265341791,1.0
-2,189900,2003.5,2002,2005,3,0.7071067811866781,1.0
-2,190000,2003.5,2002,2005,3,0.7071067811866781,0.0
-2,190100,2003.5,2002,2005,3,0.44721359550016765,-1.0
-2,190200,2003.5,2002,2005,3,0.44721359550016765,0.0
-2,190300,2003.5,2002,2005,3,0.0,0.0
-2,190400,2003.5,2002,2005,3,0.0,0.0
-2,190500,2003.0,2002,2004,2,0.22360679775044925,-0.5
-2,190600,2003.0,2002,2004,2,0.27386127875296445,-0.5
-2,190700,2003.5,2002,2005,3,0.27386127875296445,0.0
-2,190800,2004.0,2003,2005,2,0.41833001326726366,1.0
-2,190900,2003.5,2002,2005,3,0.41833001326726366,0.5
-2,191000,2003.5,2002,2005,3,0.353553390593525,0.0
-2,191100,2003.5,2002,2005,3,0.22360679775036982,-0.5
-2,191200,2003.0,2002,2004,2,0.353553390593525,-0.5
-2,191300,2003.5,2002,2005,3,0.22360679775036982,0.0
-2,191400,2003.5,2002,2005,3,0.22360679775036982,0.0
-2,191500,2003.5,2002,2005,3,0.22360679775036982,0.5
-2,191600,2003.5,2002,2005,3,0.22360679775036982,0.0
-2,191700,2004.0,2002,2006,4,0.22360679775036982,0.5
-2,191800,2003.5,2002,2005,3,0.22360679775036982,0.0
-2,191900,2003.5,2002,2005,3,0.22360679775036982,0.0
-2,192000,2004.5,2004,2005,1,0.44721359550016765,0.5
-2,192100,2002.5,2002,2003,1,0.7416198487096746,-1.0
-2,192200,2004.5,2004,2005,1,0.8366600265341579,1.0
-2,192300,2003.5,2002,2005,3,0.8366600265341579,-1.0
-2,192400,2003.5,2002,2005,3,0.8366600265341579,1.0
-2,192500,2003.5,2002,2005,3,0.707106781186653,-1.0
-2,192600,2003.5,2002,2005,3,0.44721359550012796,0.0
-2,192700,2003.5,2002,2005,3,0.0,0.0
-2,192800,2004.5,2004,2005,1,0.44721359550012796,1.0
-2,192900,2002.5,2002,2003,1,0.707106781186653,-1.0
-2,193000,2004.0,2002,2006,4,0.7416198487096746,0.5
-2,193100,2002.5,2002,2003,1,0.8944271910000215,-2.0
-2,193200,2003.5,2002,2005,3,0.8944271910000215,1.0
-2,193300,2003.5,2002,2005,3,0.6708203932500979,-0.5
-2,193400,2004.0,2002,2006,4,0.6123724356959628,1.5
-2,193500,2004.0,2002,2006,4,0.6123724356959628,0.5
-2,193600,2003.0,2002,2004,2,0.41833001326726366,-0.5
-2,193700,2004.0,2002,2006,4,0.44721359550016765,0.0
-2,193800,2003.0,2002,2004,2,0.5477225575053192,-1.0
-2,193900,2004.0,2002,2006,4,0.5477225575053192,1.0
-2,194000,2004.5,2003,2006,3,0.6708203932500449,0.5
-2,194100,2004.0,2002,2006,4,0.5477225575052868,1.0
-2,194200,2004.0,2002,2006,4,0.5477225575052868,0.0
-2,194300,2004.0,2002,2006,4,0.22360679775021094,-0.5
-2,194400,2004.0,2002,2006,4,0.22360679775021094,0.0
-2,194500,2004.0,2002,2006,4,0.0,0.0
-2,194600,2003.0,2002,2004,2,0.4472135955000485,-1.0
-2,194700,2003.0,2002,2004,2,0.5477225575052219,-1.0
-2,194800,2005.5,2005,2006,1,1.024695076595962,1.5
-2,194900,2003.0,2002,2004,2,1.09544511501034,0.0
-2,195000,2003.0,2002,2004,2,1.1180339887499045,0.0
-2,195100,2004.0,2002,2006,4,1.09544511501034,-1.5
-2,195200,2004.0,2002,2006,4,1.024695076595962,1.0
-2,195300,2004.0,2003,2005,2,0.5477225575052219,1.0
-2,195400,2003.5,2002,2005,3,0.4472135955000485,-0.5
-2,195500,2003.5,2002,2005,3,0.273861278752705,-0.5
-2,195600,2002.5,2002,2003,1,0.6123724356958468,-1.5
-2,195700,2003.5,2003,2004,1,0.5477225575052219,0.0
-2,195800,2004.0,2002,2006,4,0.5477225575052219,0.5
-2,195900,2003.0,2002,2004,2,0.5700877125496213,0.5
-2,196000,2005.5,2005,2006,1,1.1510864433221475,2.0
-2,196100,2003.0,2002,2004,2,1.0368220676663875,-1.0
-2,196200,2004.0,2002,2006,4,1.024695076595962,1.0
-2,196300,2004.0,2002,2006,4,1.024695076595962,-1.5
-2,196400,2004.0,2002,2006,4,0.8944271909999024,1.0
-2,196500,2004.0,2002,2006,4,0.4472135954998896,0.0
-2,196600,2005.0,2004,2006,2,0.4472135954998896,1.0
-2,196700,2004.5,2003,2006,3,0.4472135954998896,0.5
-2,196800,2002.5,2002,2003,1,0.9354143466934549,-1.5
-2,196900,2004.0,2002,2006,4,0.9354143466934549,-1.0
-2,197000,2004.0,2002,2006,4,0.9354143466934549,-0.5
-2,197100,2004.0,2002,2006,4,0.7582875444051195,1.5
-2,197200,2004.0,2002,2006,4,0.6708203932498861,0.0
-2,197300,2003.0,2002,2004,2,0.4472135954998499,-1.0
-2,197400,2004.5,2003,2006,3,0.5477225575050597,0.5
-2,197500,2004.0,2002,2006,4,0.5477225575050597,0.0
