timestamp,bid_price_1,bid_volume_1,bid_price_2,bid_volume_2,bid_price_3,bid_volume_3,ask_price_1,ask_volume_1,ask_price_2,ask_volume_2,ask_price_3,ask_volume_3
0,1998,26,,,,,2002,26,,,,
100,2000,5,1999.0,6.0,1998.0,20.0,2002,20,,,,
200,1999,1,1998.0,30.0,,,2002,31,,,,
300,1999,27,,,,,2002,27,,,,
400,1999,20,,,,,2002,20,,,,
500,2001,1,1999.0,30.0,,,2002,30,,,,
600,1999,30,,,,,2002,30,,,,
700,1999,28,,,,,2002,28,,,,
800,2001,1,1999.0,23.0,,,2002,23,,,,
900,2000,2,1999.0,30.0,,,2002,30,,,,
1000,1999,24,,,,,2001,8,2002.0,24.0,,
1100,1999,25,,,,,2001,3,2002.0,26.0,,
1200,1999,28,,,,,2002,28,,,,
1300,2000,3,1999.0,23.0,,,2002,23,,,,
1400,1999,26,,,,,2001,2,2002.0,26.0,,
1500,1999,27,,,,,2002,27,,,,
1600,1999,24,,,,,2002,24,,,,
1700,1999,28,,,,,2001,2,2002.0,28.0,,
1800,1999,24,,,,,2001,1,2002.0,24.0,,
1900,2001,1,1999.0,26.0,,,2002,26,,,,
2000,1999,31,,,,,2001,2,2002.0,31.0,,
2100,2000,4,1999.0,22.0,,,2002,22,,,,
2200,1999,26,,,,,2002,26,,,,
2300,1999,30,,,,,2002,30,,,,
2400,1999,30,,,,,2002,30,,,,
2500,1999,21,,,,,2002,21,,,,
2600,1999,6,1998.0,22.0,,,2002,22,,,,
2700,1998,27,,,,,2000,4,2002.0,27.0,,
2800,1998,28,,,,,2002,28,,,,
2900,1998,30,,,,,2002,30,,,,
3000,1998,28,,,,,2002,28,,,,
3100,2001,1,1999.0,1.0,1998.0,25.0,2002,25,,,,
3200,1998,28,,,,,2002,28,,,,
3300,1999,6,1998.0,20.0,,,2002,20,,,,
3400,1998,26,,,,,2001,23,,,,
3500,2000,1,1998.0,31.0,,,2001,31,,,,
3600,1998,26,,,,,2001,26,,,,
3700,1998,27,,,,,2001,2,2002.0,25.0,,
3800,1999,29,,,,,2002,27,,,,
3900,1999,26,,,,,2001,1,2002.0,26.0,,
4000,1999,31,,,,,2002,27,,,,
4100,1999,28,,,,,2001,5,2002.0,28.0,,
4200,1999,24,,,,,2002,25,,,,
4300,1999,26,,,,,2002,26,,,,
4400,1999,29,,,,,2001,2,2002.0,29.0,,
4500,1999,30,,,,,2002,30,,,,
4600,1999,31,,,,,2002,31,,,,
4700,1999,30,,,,,2002,30,,,,
4800,1999,26,,,,,2002,26,,,,
4900,1999,24,,,,,2002,24,,,,
5000,1999,18,,,,,2002,21,,,,
5100,1999,31,,,,,2002,31,,,,
5200,1999,27,,,,,2002,27,,,,
5300,1999,23,,,,,2002,23,,,,
5400,1999,30,,,,,2002,30,,,,
5500,2001,4,1999.0,31.0,,,2002,30,,,,
5600,2000,6,1999.0,32.0,,,2002,32,,,,
5700,1999,29,,,,,2001,4,2002.0,29.0,,
5800,1999,28,,,,,2002,28,,,,
5900,1999,29,,,,,2002,29,,,,
6000,1999,23,,,,,2002,23,,,,
6100,1999,1,1998.0,26.0,,,2002,27,,,,
6200,1999,10,1998.0,23.0,,,2002,25,,,,
6300,1998,26,,,,,2002,26,,,,
6400,1998,26,,,,,1999,1,2002.0,26.0,,
6500,1999,1,1998.0,21.0,,,2002,22,,,,
6600,1999,1,1998.0,23.0,,,2002,25,,,,
6700,1999,24,,,,,2002,28,,,,
6800,1999,32,,,,,2002,24,,,,
6900,1999,28,,,,,2002,28,,,,
7000,1999,24,,,,,2001,5,2002.0,24.0,,
7100,1999,21,,,,,2002,26,,,,
7200,1999,27,,,,,2002,27,,,,
7300,1999,27,,,,,2002,28,,,,
7400,2001,1,1998.0,28.0,,,2002,28,,,,
7500,1999,1,1998.0,25.0,,,2002,26,,,,
7600,1999,2,1998.0,28.0,,,2002,30,,,,
7700,1999,1,1998.0,25.0,,,2002,26,,,,
7800,2000,1,1999.0,1.0,1998.0,21.0,2002,22,,,,
7900,1998,30,,,,,2002,30,,,,
8000,1998,24,,,,,2002,24,,,,
8100,1998,21,,,,,2002,21,,,,
8200,2000,1,1998.0,30.0,,,2002,30,,,,
8300,1999,2,1998.0,29.0,,,2002,29,,,,
8400,1998,25,,,,,2002,25,,,,
8500,1998,24,,,,,2000,2,2001.0,1.0,2002.0,23.0
8600,1998,28,,,,,2001,1,2002.0,27.0,,
8700,2000,9,1999.0,6.0,1998.0,24.0,2002,24,,,,
8800,2000,1,1998.0,20.0,,,2002,20,,,,
8900,1998,28,,,,,2001,27,,,,
9000,1998,31,,,,,2000,7,2001.0,31.0,,
9100,1998,24,,,,,2001,24,,,,
9200,1998,28,,,,,2001,28,,,,
9300,1999,5,1998.0,28.0,,,2001,28,,,,
9400,1998,27,,,,,2000,7,2001.0,27.0,,
9500,1998,29,,,,,2001,25,,,,
9600,1999,3,1998.0,35.0,,,2001,31,,,,
9700,1998,30,,,,,2001,30,,,,
9800,1997,32,,,,,2000,25,,,,
9900,1997,27,,,,,1999,1,2000.0,2.0,2001.0,25.0
10000,1997,31,,,,,2001,31,,,,
10100,1999,6,1998.0,25.0,,,2001,25,,,,
10200,1998,30,,,,,2001,30,,,,
10300,2000,1,1998.0,23.0,,,2001,23,,,,
10400,1998,23,,,,,2001,23,,,,
10500,1998,20,,,,,2001,20,,,,
10600,1998,30,,,,,2000,4,2001.0,30.0,,
10700,1998,29,,,,,2001,29,,,,
10800,1998,24,,,,,2001,24,,,,
10900,1998,22,,,,,2001,22,,,,
11000,1998,27,,,,,2001,27,,,,
11100,1998,29,,,,,2001,29,,,,
11200,1998,21,,,,,2001,21,,,,
11300,1998,22,,,,,2001,23,,,,
11400,1997,30,,,,,1998,1,2001.0,30.0,,
11500,1997,24,,,,,2001,24,,,,
11600,1997,30,,,,,2001,30,,,,
11700,1997,23,,,,,2001,23,,,,
11800,1998,2,1997.0,29.0,,,2001,31,,,,
11900,1998,1,1997.0,22.0,,,2001,23,,,,
12000,1998,28,,,,,2001,30,,,,
12100,1998,28,,,,,2001,21,,,,
12200,1997,23,,,,,2001,23,,,,
12300,1997,28,,,,,2001,28,,,,
12400,1997,25,,,,,2001,25,,,,
12500,1998,30,,,,,2001,29,,,,
12600,1998,27,,,,,2001,27,,,,
12700,1998,23,,,,,2001,23,,,,
12800,1998,20,,,,,2001,20,,,,
12900,2000,1,1998.0,20.0,,,2001,20,,,,
13000,2000,2,1998.0,31.0,,,2001,31,,,,
13100,1999,6,1998.0,22.0,,,2001,22,,,,
13200,1998,23,,,,,2001,23,,,,
13300,1998,29,,,,,2001,29,,,,
13400,1998,28,,,,,2002,28,,,,
13500,1998,26,,,,,2000,4,2002.0,27.0,,
13600,1999,3,1998.0,24.0,,,2002,24,,,,
13700,1998,21,,,,,2001,21,,,,
13800,1998,22,,,,,2002,22,,,,
13900,1998,21,,,,,2001,1,2002.0,20.0,,
14000,1998,25,,,,,2001,25,,,,
14100,1998,27,,,,,2001,27,,,,
14200,1998,25,,,,,2001,25,,,,
14300,1998,24,,,,,2001,25,,,,
14400,1998,20,,,,,2001,20,,,,
14500,1998,31,,,,,2001,31,,,,
14600,1998,21,,,,,2001,21,,,,
14700,1998,20,,,,,2000,4,2001.0,20.0,,
14800,1998,33,,,,,2001,30,,,,
14900,1998,30,,,,,2001,29,,,,
15000,1998,23,,,,,2001,23,,,,
15100,1998,29,,,,,2001,29,,,,
15200,1998,28,,,,,2001,28,,,,
15300,1998,26,,,,,2002,26,,,,
15400,1998,22,,,,,2002,22,,,,
15500,1998,25,,,,,2000,1,2002.0,25.0,,
15600,1998,25,,,,,2002,25,,,,
15700,1998,31,,,,,2001,2,2002.0,29.0,,
15800,1998,21,,,,,2001,1,2002.0,20.0,,
15900,1998,26,,,,,2001,1,2002.0,25.0,,
16000,1998,22,,,,,2000,8,2001.0,1.0,2002.0,21.0
16100,2000,1,1998.0,27.0,,,2001,27,,,,
16200,2000,4,1999.0,6.0,1998.0,29.0,2002,30,,,,
16300,1998,30,,,,,2002,30,,,,
16400,1998,29,,,,,1999,6,2002.0,29.0,,
16500,1998,27,,,,,2001,27,,,,
16600,1998,23,,,,,2001,23,,,,
16700,1998,24,,,,,2001,24,,,,
16800,1998,21,,,,,2001,21,,,,
16900,1998,26,,,,,2001,1,2002.0,25.0,,
17000,1998,29,,,,,2002,29,,,,
17100,1998,25,,,,,2002,25,,,,
17200,1998,20,,,,,2001,30,,,,
17300,1998,25,,,,,2001,25,,,,
17400,1998,26,,,,,2001,26,,,,
17500,1998,25,,,,,2001,22,,,,
17600,1998,31,,,,,2001,31,,,,
17700,1998,28,,,,,2001,28,,,,
17800,1998,30,,,,,2001,30,,,,
17900,1998,22,,,,,2001,22,,,,
18000,1999,3,1998.0,30.0,,,2001,30,,,,
18100,1998,26,,,,,2001,27,,,,
18200,1998,37,,,,,2001,29,,,,
18300,1998,27,,,,,2000,8,2002.0,27.0,,
18400,1998,21,,,,,2001,1,2002.0,20.0,,
18500,1998,26,,,,,2000,7,2002.0,26.0,,
18600,1998,30,,,,,2002,31,,,,
18700,1999,11,1998.0,32.0,,,2002,32,,,,
18800,1998,26,,,,,2002,26,,,,
18900,1998,25,,,,,2000,5,2002.0,25.0,,
19000,1999,1,1998.0,23.0,,,2002,24,,,,
19100,1999,1,1998.0,23.0,,,2000,8,2002.0,24.0,,
19200,1998,24,,,,,1999,1,2002.0,24.0,,
19300,1999,2,1998.0,29.0,,,2002,31,,,,
19400,1998,22,,,,,2002,23,,,,
19500,1998,31,,,,,2002,31,,,,
19600,1998,22,,,,,2002,22,,,,
19700,1998,26,,,,,2002,26,,,,
19800,1998,23,,,,,2002,23,,,,
19900,1999,26,,,,,2002,26,,,,
20000,1999,28,,,,,2002,28,,,,
20100,1999,30,,,,,2001,7,2002.0,30.0,,
20200,1999,29,,,,,2002,28,,,,
20300,2001,1,1999.0,26.0,,,2002,25,,,,
20400,1998,25,,,,,2002,25,,,,
20500,1998,25,,,,,2000,7,2002.0,25.0,,
20600,1998,21,,,,,2002,21,,,,
20700,1998,23,,,,,2001,1,2002.0,22.0,,
20800,1999,5,1998.0,23.0,,,2001,2,2002.0,21.0,,
20900,1999,30,,,,,2002,30,,,,
21000,1998,29,,,,,2002,29,,,,
21100,1999,1,1998.0,22.0,,,2002,23,,,,
21200,1998,28,,,,,2002,28,,,,
21300,1999,2,1998.0,27.0,,,2002,29,,,,
21400,1998,23,,,,,2000,6,2001.0,2.0,2002.0,21.0
21500,1998,26,,,,,2002,26,,,,
21600,1998,23,,,,,2000,8,2002.0,23.0,,
21700,1998,22,,,,,2002,22,,,,
21800,1998,27,,,,,2000,5,2001.0,27.0,,
21900,1998,21,,,,,2001,21,,,,
22000,1998,24,,,,,2001,24,,,,
22100,1998,28,,,,,2001,26,,,,
22200,1998,27,,,,,2001,2,2002.0,25.0,,
22300,1998,26,,,,,2001,27,,,,
22400,2000,1,1998.0,29.0,,,2002,29,,,,
22500,1999,4,1998.0,30.0,,,2002,30,,,,
22600,1998,22,,,,,1999,2,2000.0,7.0,2002.0,22.0
22700,1998,35,,,,,2001,27,,,,
22800,1998,22,,,,,2001,22,,,,
22900,1998,22,,,,,1999,2,2001.0,22.0,,
23000,1998,26,,,,,2001,26,,,,
23100,1998,22,,,,,2000,2,2001.0,22.0,,
23200,1998,29,,,,,2001,29,,,,
23300,1999,4,1998.0,27.0,,,2001,22,,,,
23400,1998,21,,,,,2001,21,,,,
23500,1998,22,,,,,2001,22,,,,
23600,1998,27,,,,,2001,23,,,,
23700,1998,27,,,,,2000,1,2001.0,27.0,,
23800,1998,29,,,,,2001,29,,,,
23900,1998,23,,,,,2001,23,,,,
24000,2000,2,1998.0,26.0,,,2001,26,,,,
24100,1998,31,,,,,2001,31,,,,
24200,1998,32,,,,,2000,5,2001.0,32.0,,
24300,1998,29,,,,,2001,29,,,,
24400,1998,33,,,,,2001,29,,,,
24500,2000,1,1998.0,22.0,,,2001,22,,,,
24600,1998,30,,,,,2001,30,,,,
24700,1998,27,,,,,2000,8,2001.0,27.0,,
24800,1998,23,,,,,2001,23,,,,
24900,1998,28,,,,,2001,28,,,,
25000,1998,24,,,,,2001,24,,,,
25100,2000,1,1998.0,24.0,,,2001,24,,,,
25200,1998,26,,,,,2001,26,,,,
25300,1998,23,,,,,2000,2,2001.0,23.0,,
25400,1998,22,,,,,2001,22,,,,
25500,1998,31,,,,,2001,31,,,,
25600,1998,31,,,,,2000,5,2001.0,31.0,,
25700,1998,30,,,,,2001,30,,,,
25800,1999,3,1998.0,24.0,,,2001,24,,,,
25900,1998,25,,,,,2000,1,2001.0,25.0,,
26000,1998,26,,,,,2001,26,,,,
26100,1998,23,,,,,2001,23,,,,
26200,2000,1,1998.0,30.0,,,2001,30,,,,
26300,1998,27,,,,,2000,1,2002.0,28.0,,
26400,1998,23,,,,,2002,24,,,,
26500,1998,26,,,,,2001,26,,,,
26600,1998,23,,,,,2002,23,,,,
26700,1999,2,1998.0,23.0,,,2000,3,2001.0,1.0,2002.0,22.0
26800,2000,1,1998.0,22.0,,,2001,22,,,,
26900,1998,26,,,,,2001,26,,,,
27000,1998,21,,,,,1999,4,2001.0,21.0,,
27100,1998,30,,,,,2001,30,,,,
27200,1998,27,,,,,2000,4,2001.0,28.0,,
27300,1998,30,,,,,2001,30,,,,
27400,1998,23,,,,,1999,6,2001.0,23.0,,
27500,1998,28,,,,,2001,28,,,,
27600,1998,30,,,,,2000,1,2001.0,30.0,,
27700,1999,3,1998.0,27.0,,,2001,27,,,,
27800,1998,24,,,,,2001,24,,,,
27900,1998,23,,,,,2001,23,,,,
28000,1998,29,,,,,2001,29,,,,
28100,1997,24,,,,,1999,5,2001.0,24.0,,
28200,1998,3,1997.0,23.0,,,2001,25,,,,
28300,1997,27,,,,,1999,7,2001.0,27.0,,
28400,1998,2,1997.0,23.0,,,2001,25,,,,
28500,1998,2,1997.0,25.0,,,2001,27,,,,
28600,1997,26,,,,,2001,26,,,,
28700,1998,2,1997.0,32.0,,,2001,32,,,,
28800,1999,1,1997.0,29.0,,,2000,2,2001.0,27.0,,
28900,1997,22,,,,,2001,22,,,,
29000,1997,26,,,,,2000,26,,,,
29100,1997,30,,,,,2000,22,,,,
29200,1998,2,1997.0,30.0,,,2000,30,,,,
29300,1997,3,1996.0,23.0,,,2000,23,,,,
29400,1996,25,,,,,2000,25,,,,
29500,1997,31,,,,,2000,31,,,,
29600,1997,24,,,,,2000,24,,,,
29700,1997,30,,,,,2000,30,,,,
29800,1997,22,,,,,2000,22,,,,
29900,1997,29,,,,,1999,1,2000.0,29.0,,
30000,1997,28,,,,,2000,28,,,,
30100,1998,6,1997.0,28.0,,,2000,21,,,,
30200,1997,28,,,,,2000,28,,,,
30300,1999,1,1997.0,32.0,,,2000,30,,,,
30400,1997,29,,,,,2000,30,,,,
30500,1997,20,,,,,2000,20,,,,
30600,1997,30,,,,,2000,30,,,,
30700,1998,1,1997.0,24.0,,,2001,25,,,,
30800,1998,30,,,,,2001,30,,,,
30900,1997,29,,,,,1998,1,2001.0,29.0,,
31000,1998,30,,,,,2000,2,2001.0,30.0,,
31100,1998,25,,,,,2000,4,2001.0,25.0,,
31200,1998,20,,,,,2000,1,2001.0,26.0,,
31300,2000,1,1998.0,23.0,,,2001,23,,,,
31400,1998,26,,,,,2001,26,,,,
31500,1998,32,,,,,2001,32,,,,
31600,1998,24,,,,,2001,24,,,,
31700,2000,1,1998.0,34.0,,,2001,26,,,,
31800,1998,25,,,,,2001,25,,,,
31900,1997,30,,,,,2001,30,,,,
32000,1997,21,,,,,1999,8,2001.0,22.0,,
32100,1997,22,,,,,1999,4,2000.0,23.0,,
32200,1998,1,1997.0,30.0,,,2001,31,,,,
32300,2000,1,1999.0,3.0,1997.0,22.0,2001,22,,,,
32400,1997,30,,,,,2001,30,,,,
32500,1997,22,,,,,1999,1,2000.0,2.0,2001.0,20.0
32600,1998,2,1997.0,21.0,,,2001,23,,,,
32700,1999,1,1997.0,31.0,,,2000,2,2001.0,29.0,,
32800,1997,26,,,,,1998,5,2001.0,26.0,,
32900,1997,32,,,,,2001,32,,,,
33000,1998,4,1997.0,26.0,,,2001,26,,,,
33100,1997,35,,,,,2000,27,,,,
33200,1997,25,,,,,2000,21,,,,
33300,1997,18,,,,,2000,26,,,,
33400,1997,30,,,,,2000,30,,,,
33500,1997,28,,,,,2000,28,,,,
33600,1997,26,,,,,2000,26,,,,
33700,1997,25,,,,,2000,25,,,,
33800,1997,25,,,,,2000,20,,,,
33900,1999,1,1997.0,21.0,,,2000,21,,,,
34000,1999,1,1997.0,26.0,,,2000,26,,,,
34100,1997,23,,,,,2000,23,,,,
34200,1997,23,,,,,2000,23,,,,
34300,1997,29,,,,,2000,29,,,,
34400,1997,31,,,,,2000,31,,,,
34500,1997,28,,,,,2000,25,,,,
34600,1997,28,,,,,2000,28,,,,
34700,1997,34,,,,,2000,31,,,,
34800,1997,23,,,,,1999,4,2001.0,23.0,,
34900,1997,26,,,,,2000,1,2001.0,26.0,,
35000,1997,21,,,,,1998,4,2001.0,21.0,,
35100,1997,24,,,,,2000,2,2001.0,22.0,,
35200,1997,26,,,,,1999,5,2001.0,26.0,,
35300,1997,27,,,,,2000,21,,,,
35400,1998,3,1997.0,22.0,,,2001,22,,,,
35500,1998,1,1997.0,22.0,,,2001,23,,,,
35600,1997,27,,,,,2001,27,,,,
35700,1997,24,,,,,2001,25,,,,
35800,1998,7,1997.0,26.0,,,2001,27,,,,
35900,1998,1,1997.0,22.0,,,2001,23,,,,
36000,1997,28,,,,,2001,28,,,,
36100,1999,4,1997.0,29.0,,,2001,29,,,,
36200,1997,28,,,,,1998,1,2001.0,30.0,,
36300,1998,25,,,,,2001,25,,,,
36400,1998,31,,,,,2001,31,,,,
36500,1998,24,,,,,2000,4,2001.0,24.0,,
36600,1998,29,,,,,2001,29,,,,
36700,1998,32,,,,,2001,32,,,,
36800,1999,2,1998.0,24.0,,,2001,24,,,,
36900,1998,23,,,,,2001,23,,,,
37000,1997,28,,,,,2001,28,,,,
37100,1997,20,,,,,2001,20,,,,
37200,1998,7,1997.0,29.0,,,2001,29,,,,
37300,1997,22,,,,,2000,2,2001.0,21.0,,
37400,1997,30,,,,,2001,30,,,,
37500,1997,23,,,,,2001,23,,,,
37600,1997,23,,,,,2001,23,,,,
37700,1997,21,,,,,2000,1,2001.0,20.0,,
37800,1997,22,,,,,2000,22,,,,
37900,1997,29,,,,,2000,24,,,,
38000,1997,25,,,,,2000,25,,,,
38100,1997,27,,,,,2000,27,,,,
38200,1997,22,,,,,2000,22,,,,
38300,1997,22,,,,,2000,22,,,,
38400,1997,26,,,,,2000,26,,,,
38500,1997,21,,,,,2000,21,,,,
38600,1997,29,,,,,2000,29,,,,
38700,1998,4,1997.0,32.0,,,1999,8,2000.0,32.0,,
38800,1998,1,1997.0,24.0,,,2000,24,,,,
38900,1997,20,,,,,2000,21,,,,
39000,1997,30,,,,,2000,30,,,,
39100,1997,25,,,,,2000,25,,,,
39200,1997,22,,,,,2000,22,,,,
39300,1997,29,,,,,1999,2,2000.0,29.0,,
39400,1997,30,,,,,2000,26,,,,
39500,1999,1,1997.0,31.0,,,2000,31,,,,
39600,1997,28,,,,,2000,28,,,,
39700,1997,23,,,,,2000,23,,,,
39800,1997,24,,,,,1998,4,2000.0,24.0,,
39900,1997,23,,,,,2000,23,,,,
40000,1997,27,,,,,2000,27,,,,
40100,1997,27,,,,,2000,27,,,,
40200,1999,5,1997.0,29.0,,,2000,29,,,,
40300,1997,26,,,,,2000,28,,,,
40400,1997,37,,,,,2000,30,,,,
40500,1997,30,,,,,2000,30,,,,
40600,1997,31,,,,,2000,29,,,,
40700,1998,3,1997.0,29.0,,,2000,24,,,,
40800,1997,24,,,,,2000,24,,,,
40900,1997,23,,,,,1998,3,2000.0,23.0,,
41000,1999,2,1997.0,28.0,,,2000,24,,,,
41100,1999,9,1997.0,26.0,,,2000,26,,,,
41200,1998,2,1997.0,25.0,,,2000,25,,,,
41300,1997,30,,,,,2000,30,,,,
41400,1997,31,,,,,1999,6,2000.0,31.0,,
41500,1997,23,,,,,1998,6,1999.0,8.0,2000.0,23.0
41600,1996,23,,,,,2000,23,,,,
41700,1997,29,,,,,2000,29,,,,
41800,1997,31,,,,,1999,1,2000.0,31.0,,
41900,1997,30,,,,,1998,3,2000.0,30.0,,
42000,1997,20,,,,,2000,20,,,,
42100,1997,6,1996.0,21.0,,,2000,21,,,,
42200,1996,22,,,,,2000,22,,,,
42300,1996,24,,,,,1998,4,2000.0,24.0,,
42400,1996,27,,,,,2000,27,,,,
42500,1997,24,,,,,2000,24,,,,
42600,1997,24,,,,,2000,24,,,,
42700,1999,5,1997.0,29.0,,,2000,24,,,,
42800,1997,27,,,,,2000,27,,,,
42900,1997,28,,,,,1999,7,2000.0,28.0,,
43000,1997,21,,,,,2000,21,,,,
43100,1997,21,,,,,1999,3,2000.0,21.0,,
43200,1998,3,1997.0,29.0,,,2000,1,2001.0,28.0,,
43300,1997,25,,,,,2001,25,,,,
43400,1997,28,,,,,2001,28,,,,
43500,1998,1,1997.0,22.0,,,2001,24,,,,
43600,1998,22,,,,,2001,22,,,,
43700,2000,1,1998.0,30.0,,,2001,30,,,,
43800,1998,30,,,,,2001,29,,,,
43900,1998,23,,,,,2001,24,,,,
44000,1998,30,,,,,2000,3,2001.0,30.0,,
44100,1998,36,,,,,2001,30,,,,
44200,1998,27,,,,,2001,27,,,,
44300,1998,28,,,,,2000,1,2001.0,28.0,,
44400,1998,23,,,,,2000,6,2001.0,23.0,,
44500,1998,29,,,,,2000,1,2001.0,29.0,,
44600,1998,26,,,,,2001,26,,,,
44700,2000,1,1998.0,28.0,,,2001,28,,,,
44800,2000,9,1998.0,24.0,,,2001,24,,,,
44900,1998,31,,,,,2001,30,,,,
45000,1998,24,,,,,2001,25,,,,
45100,1998,26,,,,,2001,26,,,,
45200,1998,24,,,,,2001,24,,,,
45300,1998,30,,,,,2001,30,,,,
45400,1998,30,,,,,2001,25,,,,
45500,2000,1,1998.0,29.0,,,2001,29,,,,
45600,1998,27,,,,,2001,27,,,,
45700,1998,22,,,,,2001,22,,,,
45800,1998,26,,,,,2001,21,,,,
45900,1998,28,,,,,2000,3,2001.0,28.0,,
46000,1998,26,,,,,2000,1,2001.0,26.0,,
46100,1998,24,,,,,2001,1,2002.0,23.0,,
46200,1999,3,1998.0,20.0,,,2000,4,2002.0,20.0,,
46300,1999,3,1998.0,23.0,,,2002,23,,,,
46400,1999,26,,,,,2002,26,,,,
46500,1999,26,,,,,2002,26,,,,
46600,1998,22,,,,,2002,22,,,,
46700,1999,2,1998.0,27.0,,,2002,27,,,,
46800,1998,30,,,,,1999,5,2001.0,1.0,2002.0,30.0
46900,1999,3,1998.0,31.0,,,2001,1,2002.0,30.0,,
47000,1998,37,,,,,2001,29,,,,
47100,1998,28,,,,,2001,28,,,,
47200,2000,1,1999.0,5.0,1998.0,26.0,2001,26,,,,
47300,1998,31,,,,,2001,31,,,,
47400,1998,28,,,,,2001,29,,,,
47500,2000,1,1998.0,27.0,,,2001,27,,,,
47600,2000,8,1998.0,27.0,,,2001,27,,,,
47700,1998,23,,,,,2000,2,2001.0,24.0,,
47800,1998,25,,,,,2001,25,,,,
47900,1998,26,,,,,2001,26,,,,
48000,1998,28,,,,,2001,28,,,,
48100,2000,10,1998.0,24.0,,,2001,24,,,,
48200,1998,25,,,,,2000,6,2001.0,25.0,,
48300,1998,26,,,,,2001,26,,,,
48400,1998,30,,,,,2001,30,,,,
48500,1998,25,,,,,2001,25,,,,
48600,1998,23,,,,,2000,2,2001.0,24.0,,
48700,1998,20,,,,,2000,2,2001.0,21.0,,
48800,1998,25,,,,,2001,25,,,,
48900,1998,27,,,,,2001,28,,,,
49000,1998,21,,,,,2001,21,,,,
49100,1998,30,,,,,2001,28,,,,
49200,1998,29,,,,,2001,29,,,,
49300,1998,26,,,,,2001,22,,,,
49400,1998,20,,,,,2001,21,,,,
49500,2000,1,1998.0,30.0,,,2001,30,,,,
49600,1998,30,,,,,2000,5,2001.0,30.0,,
49700,1998,33,,,,,2001,27,,,,
49800,1998,26,,,,,2001,2,2002.0,24.0,,
49900,1998,21,,,,,2000,1,2001.0,22.0,,
50000,1999,5,1998.0,28.0,,,2001,1,2002.0,27.0,,
50100,1998,30,,,,,2001,30,,,,
50200,1998,31,,,,,2001,31,,,,
50300,1999,1,1998.0,21.0,,,2001,21,,,,
50400,1999,5,1998.0,23.0,,,2002,23,,,,
50500,1998,28,,,,,2001,2,2002.0,26.0,,
50600,1998,22,,,,,2002,22,,,,
50700,1998,27,,,,,2001,1,2002.0,26.0,,
50800,1998,30,,,,,2002,30,,,,
50900,1999,23,,,,,2002,26,,,,
51000,1999,9,1998.0,25.0,,,2002,27,,,,
51100,1999,1,1998.0,30.0,,,2000,6,2002.0,31.0,,
51200,1999,29,,,,,2002,29,,,,
51300,2001,1,1998.0,26.0,,,2002,26,,,,
51400,1999,22,,,,,2001,8,2002.0,22.0,,
51500,1999,2,1998.0,29.0,,,2002,31,,,,
51600,1999,32,,,,,2001,3,2002.0,32.0,,
51700,1999,22,,,,,2002,21,,,,
51800,1999,22,,,,,2001,8,2003.0,22.0,,
51900,1999,24,,,,,2002,24,,,,
52000,1999,23,,,,,2002,23,,,,
52100,2001,2,1999.0,24.0,,,2002,24,,,,
52200,1999,25,,,,,2002,26,,,,
52300,2000,3,1999.0,29.0,,,2002,1,2003.0,28.0,,
52400,2000,3,1999.0,21.0,,,2002,1,2003.0,20.0,,
52500,1999,31,,,,,2003,31,,,,
52600,1999,25,,,,,2001,7,2003.0,25.0,,
52700,1999,21,,,,,2003,21,,,,
52800,1999,22,,,,,2003,22,,,,
52900,1999,25,,,,,2001,3,2003.0,25.0,,
53000,1999,22,,,,,2003,22,,,,
53100,1999,23,,,,,2003,23,,,,
53200,1999,28,,,,,2003,28,,,,
53300,2000,25,,,,,2002,6,2003.0,25.0,,
53400,2000,28,,,,,2002,6,2003.0,28.0,,
53500,2002,1,2000.0,29.0,,,2003,21,,,,
53600,2000,27,,,,,2003,27,,,,
53700,2000,23,,,,,2003,2,2004.0,21.0,,
53800,2000,25,,,,,2001,6,2002.0,3.0,2004.0,25.0
53900,2001,1,2000.0,30.0,,,2004,31,,,,
54000,2001,1,2000.0,30.0,,,2002,3,2004.0,31.0,,
54100,2001,1,2000.0,26.0,,,2004,27,,,,
54200,2001,30,,,,,2004,30,,,,
54300,2001,2,2000.0,22.0,,,2004,24,,,,
54400,2000,30,,,,,2002,4,2004.0,30.0,,
54500,2000,24,,,,,2003,2,2004.0,22.0,,
54600,2000,24,,,,,2003,1,2004.0,24.0,,
54700,2002,1,2000.0,25.0,,,2003,25,,,,
54800,2000,31,,,,,2003,31,,,,
54900,2001,6,2000.0,25.0,,,2004,25,,,,
55000,2000,24,,,,,2001,5,2004.0,24.0,,
55100,2001,28,,,,,2004,21,,,,
55200,2001,21,,,,,2004,21,,,,
55300,2001,29,,,,,2004,29,,,,
55400,2001,36,,,,,2004,28,,,,
55500,2001,31,,,,,2004,31,,,,
55600,2001,28,,,,,2004,29,,,,
55700,2001,21,,,,,2004,21,,,,
55800,2001,22,,,,,2004,22,,,,
55900,2001,27,,,,,2004,27,,,,
56000,2001,29,,,,,2004,29,,,,
56100,2001,23,,,,,2004,23,,,,
56200,2001,23,,,,,2003,7,2004.0,23.0,,
56300,2001,30,,,,,2004,31,,,,
56400,2001,27,,,,,2004,25,,,,
56500,2001,23,,,,,2004,22,,,,
56600,2001,28,,,,,2003,3,2004.0,28.0,,
56700,2001,22,,,,,2004,22,,,,
56800,2001,25,,,,,2003,2,2004.0,25.0,,
56900,2001,1,2000.0,20.0,,,2004,21,,,,
57000,2001,32,,,,,2004,32,,,,
57100,2001,21,,,,,2004,24,,,,
57200,2001,20,,,,,2004,24,,,,
57300,2001,21,,,,,2003,6,2004.0,21.0,,
57400,2003,1,2001.0,25.0,,,2004,25,,,,
57500,2001,25,,,,,2004,25,,,,
57600,2001,32,,,,,2003,3,2004.0,32.0,,
57700,2001,26,,,,,2004,26,,,,
57800,2001,28,,,,,2004,29,,,,
57900,2001,30,,,,,2004,30,,,,
58000,2004,1,2003.0,3.0,2001.0,23.0,2005,23,,,,
58100,2001,28,,,,,2003,6,2005.0,28.0,,
58200,2002,26,,,,,2004,8,2005.0,26.0,,
58300,2002,22,,,,,2005,22,,,,
58400,2002,29,,,,,2005,29,,,,
58500,2002,24,,,,,2005,23,,,,
58600,2002,29,,,,,2005,29,,,,
58700,2002,30,,,,,2005,30,,,,
58800,2002,21,,,,,2005,22,,,,
58900,2002,30,,,,,2005,26,,,,
59000,2002,22,,,,,2005,22,,,,
59100,2002,28,,,,,2004,6,2005.0,2.0,2006.0,26.0
59200,2002,24,,,,,2006,24,,,,
59300,2002,24,,,,,2006,24,,,,
59400,2003,2,2002.0,29.0,,,2005,2,2006.0,27.0,,
59500,2002,26,,,,,2005,26,,,,
59600,2002,28,,,,,2005,28,,,,
59700,2002,21,,,,,2006,21,,,,
59800,2003,8,2002.0,24.0,,,2004,5,2006.0,24.0,,
59900,2002,22,,,,,2006,23,,,,
60000,2004,1,2002.0,26.0,,,2006,26,,,,
60100,2004,10,2002.0,24.0,,,2006,24,,,,
60200,2002,24,,,,,2004,3,2006.0,24.0,,
60300,2002,28,,,,,2005,2,2006.0,26.0,,
60400,2002,22,,,,,2005,22,,,,
60500,2002,27,,,,,2004,2,2005.0,30.0,,
60600,2002,26,,,,,2004,2,2005.0,27.0,,
60700,2002,35,,,,,2005,27,,,,
60800,2002,21,,,,,2005,1,2006.0,20.0,,
60900,2002,22,,,,,2006,22,,,,
61000,2002,22,,,,,2005,22,,,,
61100,2004,5,2002.0,29.0,,,2005,29,,,,
61200,2002,30,,,,,2005,30,,,,
61300,2002,27,,,,,2004,7,2005.0,27.0,,
61400,2002,29,,,,,2004,5,2005.0,29.0,,
61500,2002,21,,,,,2005,21,,,,
61600,2002,27,,,,,2005,27,,,,
61700,2002,30,,,,,2005,30,,,,
61800,2004,5,2002.0,26.0,,,2005,26,,,,
61900,2002,22,,,,,2005,22,,,,
62000,2002,21,,,,,2005,21,,,,
62100,2002,22,,,,,2005,22,,,,
62200,2002,29,,,,,2005,29,,,,
62300,2002,25,,,,,2004,8,2005.0,25.0,,
62400,2002,26,,,,,2006,26,,,,
62500,2002,28,,,,,2005,2,2006.0,26.0,,
62600,2002,29,,,,,2003,1,2006.0,29.0,,
62700,2003,25,,,,,2006,25,,,,
62800,2003,23,,,,,2006,23,,,,
62900,2003,29,,,,,2005,6,2006.0,29.0,,
63000,2003,13,,,,,2004,6,2005.0,3.0,2006.0,23.0
63100,2003,24,,,,,2007,24,,,,
63200,2004,6,2003.0,28.0,,,2007,28,,,,
63300,2003,23,,,,,2007,23,,,,
63400,2004,1,2003.0,21.0,,,2007,22,,,,
63500,2003,22,,,,,2007,22,,,,
63600,2003,22,,,,,2007,22,,,,
63700,2003,31,,,,,2007,31,,,,
63800,2003,21,,,,,2007,21,,,,
63900,2003,27,,,,,2006,2,2007.0,25.0,,
64000,2003,29,,,,,2006,29,,,,
64100,2003,32,,,,,2005,6,2006.0,2.0,2007.0,30.0
64200,2003,22,,,,,2006,22,,,,
64300,2003,29,,,,,2006,29,,,,
64400,2003,24,,,,,2006,24,,,,
64500,2003,27,,,,,2006,26,,,,
64600,2003,25,,,,,2006,25,,,,
64700,2003,35,,,,,2006,29,,,,
64800,2003,27,,,,,2006,27,,,,
64900,2003,29,,,,,2005,7,2006.0,29.0,,
65000,2003,22,,,,,2005,2,2006.0,1.0,2007.0,21.0
65100,2003,26,,,,,2007,26,,,,
65200,2003,31,,,,,2006,2,2007.0,29.0,,
65300,2004,6,2003.0,23.0,,,2006,1,2007.0,22.0,,
65400,2003,20,,,,,2007,20,,,,
65500,2003,22,,,,,2007,22,,,,
65600,2004,3,2003.0,30.0,,,2007,30,,,,
65700,2003,26,,,,,2005,4,2007.0,26.0,,
65800,2004,32,,,,,2007,30,,,,
65900,2004,25,,,,,2007,25,,,,
66000,2004,28,,,,,2007,28,,,,
66100,2004,1,2003.0,24.0,,,2007,25,,,,
66200,2003,24,,,,,2004,8,2007.0,24.0,,
66300,2003,29,,,,,2006,27,,,,
66400,2003,25,,,,,2007,25,,,,
66500,2003,24,,,,,2006,24,,,,
66600,2003,37,,,,,2006,31,,,,
66700,2003,21,,,,,2006,21,,,,
66800,2003,29,,,,,2006,29,,,,
66900,2003,30,,,,,2004,4,2005.0,1.0,2006.0,30.0
67000,2003,28,,,,,2006,22,,,,
67100,2003,37,,,,,2006,29,,,,
67200,2005,1,2003.0,24.0,,,2006,24,,,,
67300,2003,26,,,,,2006,26,,,,
67400,2003,27,,,,,2006,27,,,,
67500,2003,37,,,,,2006,29,,,,
67600,2003,32,,,,,2006,32,,,,
67700,2005,4,2003.0,29.0,,,2006,29,,,,
67800,2003,23,,,,,2005,3,2006.0,23.0,,
67900,2003,34,,,,,2006,32,,,,
68000,2003,24,,,,,2005,2,2006.0,25.0,,
68100,2003,29,,,,,2006,29,,,,
68200,2005,1,2003.0,20.0,,,2006,20,,,,
68300,2003,20,,,,,2006,21,,,,
68400,2003,27,,,,,2006,27,,,,
68500,2003,25,,,,,2006,25,,,,
68600,2003,23,,,,,2006,27,,,,
68700,2003,6,2002.0,25.0,,,2006,25,,,,
68800,2003,2,2002.0,26.0,,,2004,6,2006.0,28.0,,
68900,2005,1,2003.0,25.0,,,2006,25,,,,
69000,2002,23,,,,,2006,23,,,,
69100,2002,25,,,,,2006,25,,,,
69200,2003,2,2002.0,24.0,,,2004,6,2006.0,26.0,,
69300,2004,8,2003.0,2.0,2002.0,28.0,2006,28,,,,
69400,2005,1,2002.0,22.0,,,2006,22,,,,
69500,2002,20,,,,,2006,20,,,,
69600,2002,23,,,,,2005,22,,,,
69700,2002,21,,,,,2006,21,,,,
69800,2005,1,2002.0,27.0,,,2006,27,,,,
69900,2002,29,,,,,2006,29,,,,
70000,2002,28,,,,,2006,28,,,,
70100,2002,24,,,,,2006,24,,,,
70200,2004,3,2002.0,31.0,,,2005,2,2006.0,29.0,,
70300,2003,1,2002.0,28.0,,,2006,29,,,,
70400,2002,25,,,,,2003,8,2006.0,26.0,,
70500,2003,4,2002.0,25.0,,,2005,2,2006.0,23.0,,
70600,2002,30,,,,,2005,30,,,,
70700,2002,22,,,,,2005,22,,,,
70800,2002,28,,,,,2005,28,,,,
70900,2002,26,,,,,2005,26,,,,
71000,2002,31,,,,,2005,31,,,,
71100,2002,25,,,,,2005,25,,,,
71200,2003,5,2002.0,28.0,,,2005,28,,,,
71300,2002,32,,,,,2005,29,,,,
71400,2002,28,,,,,2005,29,,,,
71500,2003,2,2002.0,30.0,,,2006,30,,,,
71600,2003,20,,,,,2006,20,,,,
71700,2003,20,,,,,2006,20,,,,
71800,2005,1,2003.0,2.0,2002.0,23.0,2006,25,,,,
71900,2003,28,,,,,2006,30,,,,
72000,2003,26,,,,,2006,26,,,,
72100,2005,9,2003.0,24.0,,,2006,24,,,,
72200,2003,24,,,,,2006,24,,,,
72300,2003,30,,,,,2006,30,,,,
72400,2003,23,,,,,2006,23,,,,
72500,2003,24,,,,,2005,7,2006.0,24.0,,
72600,2003,22,,,,,2005,4,2006.0,22.0,,
72700,2003,23,,,,,2006,23,,,,
72800,2003,26,,,,,2006,26,,,,
72900,2003,25,,,,,2005,3,2006.0,25.0,,
73000,2003,24,,,,,2006,24,,,,
73100,2003,26,,,,,2006,26,,,,
73200,2003,30,,,,,2006,30,,,,
73300,2003,36,,,,,2006,32,,,,
73400,2003,1,2002.0,30.0,,,2006,31,,,,
73500,2002,20,,,,,2006,20,,,,
73600,2002,26,,,,,2006,26,,,,
73700,2002,30,,,,,2006,30,,,,
73800,2004,3,2003.0,1.0,2002.0,30.0,2006,30,,,,
73900,2002,26,,,,,2004,8,2005.0,1.0,2006.0,26.0
74000,2002,29,,,,,2006,29,,,,
74100,2002,31,,,,,2005,31,,,,
74200,2004,1,2002.0,31.0,,,2005,28,,,,
74300,2002,25,,,,,2005,25,,,,
74400,2003,6,2002.0,21.0,,,2005,1,2006.0,20.0,,
74500,2002,23,,,,,2004,1,2005.0,1.0,2006.0,22.0
74600,2002,31,,,,,2006,31,,,,
74700,2002,26,,,,,2005,2,2006.0,24.0,,
74800,2003,4,2002.0,26.0,,,2006,26,,,,
74900,2002,24,,,,,2006,24,,,,
75000,2002,30,,,,,2006,30,,,,
75100,2003,5,2002.0,25.0,,,2006,25,,,,
75200,2002,22,,,,,2006,22,,,,
75300,2003,6,2002.0,27.0,,,2006,27,,,,
75400,2002,32,,,,,2005,30,,,,
75500,2002,29,,,,,2005,30,,,,
75600,2004,1,2003.0,6.0,2002.0,23.0,2005,22,,,,
75700,2002,22,,,,,2005,1,2006.0,21.0,,
75800,2002,22,,,,,2005,1,2006.0,21.0,,
75900,2002,32,,,,,2004,4,2005.0,32.0,,
76000,2002,28,,,,,2005,22,,,,
76100,2002,28,,,,,2005,28,,,,
76200,2002,26,,,,,2004,1,2005.0,26.0,,
76300,2002,27,,,,,2004,2,2005.0,27.0,,
76400,2002,27,,,,,2003,3,2005.0,28.0,,
76500,2002,31,,,,,2005,31,,,,
76600,2002,31,,,,,2004,8,2005.0,31.0,,
76700,2002,22,,,,,2004,8,2005.0,22.0,,
76800,2002,26,,,,,2005,26,,,,
76900,2002,31,,,,,2005,31,,,,
77000,2002,25,,,,,2005,25,,,,
77100,2002,35,,,,,2005,27,,,,
77200,2002,28,,,,,2004,2,2005.0,2.0,2006.0,26.0
77300,2002,30,,,,,2004,6,2005.0,30.0,,
77400,2002,28,,,,,2003,6,2005.0,1.0,2006.0,27.0
77500,2002,20,,,,,2006,20,,,,
77600,2004,2,2002.0,26.0,,,2006,26,,,,
77700,2002,26,,,,,2006,26,,,,
77800,2002,26,,,,,2003,4,2006.0,26.0,,
77900,2002,30,,,,,2005,30,,,,
78000,2002,28,,,,,2005,28,,,,
78100,2004,1,2002.0,32.0,,,2006,32,,,,
78200,2002,20,,,,,2006,20,,,,
78300,2003,6,2002.0,22.0,,,2006,22,,,,
78400,2002,28,,,,,2005,28,,,,
78500,2002,32,,,,,2005,32,,,,
78600,2002,29,,,,,2005,30,,,,
78700,2002,29,,,,,2005,29,,,,
78800,2002,23,,,,,2005,24,,,,
78900,2002,32,,,,,2005,30,,,,
79000,2002,30,,,,,2005,22,,,,
79100,2003,5,2002.0,27.0,,,2005,27,,,,
79200,2002,30,,,,,2004,8,2005.0,30.0,,
79300,2002,29,,,,,2005,29,,,,
79400,2002,20,,,,,2005,20,,,,
79500,2002,28,,,,,2005,28,,,,
79600,2002,27,,,,,2005,27,,,,
79700,2002,32,,,,,2005,32,,,,
79800,2002,18,,,,,2005,22,,,,
79900,2002,24,,,,,2005,23,,,,
80000,2002,30,,,,,2005,30,,,,
80100,2004,1,2002.0,31.0,,,2006,31,,,,
80200,2002,27,,,,,2006,27,,,,
80300,2003,4,2002.0,30.0,,,2005,1,2006.0,29.0,,
80400,2002,23,,,,,2003,4,2005.0,23.0,,
80500,2002,22,,,,,2004,3,2006.0,23.0,,
80600,2002,27,,,,,2006,27,,,,
80700,2003,2,2002.0,29.0,,,2006,29,,,,
80800,2003,6,2002.0,25.0,,,2006,25,,,,
80900,2002,29,,,,,2004,1,2006.0,30.0,,
81000,2002,32,,,,,2006,32,,,,
81100,2003,1,2002.0,28.0,,,2006,29,,,,
81200,2002,27,,,,,2006,27,,,,
81300,2005,1,2002.0,22.0,,,2006,22,,,,
81400,2003,23,,,,,2006,23,,,,
81500,2003,28,,,,,2006,28,,,,
81600,2003,20,,,,,2005,5,2006.0,20.0,,
81700,2003,30,,,,,2006,27,,,,
81800,2003,28,,,,,2005,8,2006.0,29.0,,
81900,2003,34,,,,,2004,4,2006.0,27.0,,
82000,2003,32,,,,,2005,4,2006.0,32.0,,
82100,2003,21,,,,,2006,22,,,,
82200,2005,1,2003.0,30.0,,,2006,30,,,,
82300,2003,27,,,,,2006,27,,,,
82400,2003,22,,,,,2006,26,,,,
82500,2003,26,,,,,2006,26,,,,
82600,2003,22,,,,,2005,8,2006.0,23.0,,
82700,2003,31,,,,,2006,31,,,,
82800,2003,22,,,,,2006,22,,,,
82900,2003,23,,,,,2006,23,,,,
83000,2003,34,,,,,2006,31,,,,
83100,2003,28,,,,,2006,21,,,,
83200,2003,28,,,,,2006,28,,,,
83300,2003,22,,,,,2006,22,,,,
83400,2005,3,2003.0,30.0,,,2006,30,,,,
83500,2003,29,,,,,2006,29,,,,
83600,2003,25,,,,,2006,25,,,,
83700,2003,27,,,,,2006,27,,,,
83800,2003,32,,,,,2006,32,,,,
83900,2005,1,2003.0,32.0,,,2006,27,,,,
84000,2003,25,,,,,2005,5,2006.0,25.0,,
84100,2003,29,,,,,2006,26,,,,
84200,2005,1,2003.0,5.0,2002.0,25.0,2006,27,,,,
84300,2002,25,,,,,2006,25,,,,
84400,2002,30,,,,,2005,2,2006.0,28.0,,
84500,2002,29,,,,,2005,1,2006.0,28.0,,
84600,2002,28,,,,,2005,28,,,,
84700,2004,1,2002.0,28.0,,,2005,28,,,,
84800,2002,24,,,,,2005,24,,,,
84900,2002,28,,,,,2004,1,2005.0,28.0,,
85000,2002,30,,,,,2005,30,,,,
85100,2002,26,,,,,2004,8,2005.0,26.0,,
85200,2002,27,,,,,2004,1,2005.0,27.0,,
85300,2002,28,,,,,2005,2,2006.0,26.0,,
85400,2003,3,2002.0,29.0,,,2005,1,2006.0,28.0,,
85500,2002,28,,,,,2006,28,,,,
85600,2002,29,,,,,2006,29,,,,
85700,2002,28,,,,,2006,28,,,,
85800,2002,29,,,,,2006,29,,,,
85900,2002,30,,,,,2005,1,2006.0,29.0,,
86000,2002,22,,,,,2005,23,,,,
86100,2002,20,,,,,2005,20,,,,
86200,2002,28,,,,,2006,28,,,,
86300,2002,28,,,,,2005,29,,,,
86400,2002,37,,,,,2005,31,,,,
86500,2002,24,,,,,2005,23,,,,
86600,2002,22,,,,,2004,5,2005.0,22.0,,
86700,2002,21,,,,,2005,21,,,,
86800,2002,23,,,,,2006,23,,,,
86900,2002,23,,,,,2004,4,2005.0,1.0,2006.0,22.0
87000,2002,22,,,,,2004,6,2006.0,22.0,,
87100,2002,23,,,,,2004,8,2005.0,23.0,,
87200,2002,20,,,,,2005,20,,,,
87300,2002,30,,,,,2005,30,,,,
87400,2002,28,,,,,2005,28,,,,
87500,2002,31,,,,,2005,24,,,,
87600,2002,30,,,,,2005,30,,,,
87700,2002,20,,,,,2005,20,,,,
87800,2002,20,,,,,2005,20,,,,
87900,2004,10,2002.0,30.0,,,2005,25,,,,
88000,2002,27,,,,,2005,27,,,,
88100,2002,28,,,,,2006,28,,,,
88200,2003,8,2002.0,26.0,,,2006,26,,,,
88300,2004,5,2002.0,26.0,,,2005,2,2006.0,24.0,,
88400,2005,1,2002.0,28.0,,,2006,28,,,,
88500,2002,22,,,,,2006,22,,,,
88600,2002,25,,,,,2003,4,2006.0,25.0,,
88700,2002,28,,,,,2004,1,2006.0,28.0,,
88800,2002,31,,,,,2003,9,2006.0,31.0,,
88900,2005,1,2002.0,27.0,,,2006,27,,,,
89000,2002,24,,,,,2006,24,,,,
89100,2002,29,,,,,2003,2,2006.0,29.0,,
89200,2002,30,,,,,2006,30,,,,
89300,2002,25,,,,,2006,25,,,,
89400,2004,1,2002.0,23.0,,,2006,23,,,,
89500,2002,27,,,,,2006,27,,,,
89600,2002,26,,,,,2006,26,,,,
89700,2002,30,,,,,2004,8,2006.0,30.0,,
89800,2002,28,,,,,2006,28,,,,
89900,2002,26,,,,,2006,26,,,,
90000,2002,28,,,,,2005,24,,,,
90100,2002,28,,,,,2005,1,2006.0,27.0,,
90200,2002,21,,,,,2006,21,,,,
90300,2002,23,,,,,2004,6,2006.0,23.0,,
90400,2002,25,,,,,2003,5,2005.0,25.0,,
90500,2002,30,,,,,2005,24,,,,
90600,2004,1,2003.0,1.0,2002.0,25.0,2006,25,,,,
90700,2002,28,,,,,2005,28,,,,
90800,2002,26,,,,,2003,3,2006.0,26.0,,
90900,2002,26,,,,,2004,4,2006.0,26.0,,
91000,2002,30,,,,,2006,31,,,,
91100,2002,23,,,,,2004,4,2006.0,23.0,,
91200,2003,26,,,,,2006,26,,,,
91300,2003,27,,,,,2006,27,,,,
91400,2003,22,,,,,2006,22,,,,
91500,2003,26,,,,,2005,1,2006.0,26.0,,
91600,2003,30,,,,,2005,5,2006.0,30.0,,
91700,2003,27,,,,,2006,23,,,,
91800,2003,24,,,,,2006,24,,,,
91900,2003,29,,,,,2006,22,,,,
92000,2003,28,,,,,2006,28,,,,
92100,2003,22,,,,,2006,22,,,,
92200,2003,30,,,,,2005,4,2006.0,30.0,,
92300,2003,30,,,,,2006,29,,,,
92400,2003,27,,,,,2005,6,2006.0,27.0,,
92500,2003,27,,,,,2006,28,,,,
92600,2003,22,,,,,2005,4,2006.0,23.0,,
92700,2003,20,,,,,2006,20,,,,
92800,2003,22,,,,,2006,22,,,,
92900,2003,21,,,,,2006,21,,,,
93000,2003,22,,,,,2005,3,2006.0,22.0,,
93100,2005,2,2003.0,21.0,,,2006,21,,,,
93200,2003,30,,,,,2005,3,2006.0,30.0,,
93300,2003,27,,,,,2006,25,,,,
93400,2003,2,2002.0,24.0,,,2006,26,,,,
93500,2002,28,,,,,2006,28,,,,
93600,2002,30,,,,,2004,1,2006.0,30.0,,
93700,2002,29,,,,,2006,29,,,,
93800,2002,28,,,,,2004,8,2006.0,28.0,,
93900,2002,28,,,,,2006,28,,,,
94000,2002,30,,,,,2006,30,,,,
94100,2004,1,2002.0,28.0,,,2006,28,,,,
94200,2002,25,,,,,2006,25,,,,
94300,2002,21,,,,,2006,22,,,,
94400,2002,23,,,,,2005,1,2006.0,23.0,,
94500,2002,22,,,,,2005,23,,,,
94600,2004,4,2002.0,30.0,,,2005,30,,,,
94700,2002,22,,,,,2005,22,,,,
94800,2002,26,,,,,2005,26,,,,
94900,2002,35,,,,,2005,30,,,,
95000,2002,23,,,,,2005,23,,,,
95100,2002,25,,,,,2004,5,2005.0,25.0,,
95200,2002,23,,,,,2005,23,,,,
95300,2002,38,,,,,2005,31,,,,
95400,2002,25,,,,,2005,25,,,,
95500,2002,21,,,,,2005,21,,,,
95600,2004,1,2003.0,5.0,2002.0,22.0,2005,22,,,,
95700,2002,32,,,,,2005,32,,,,
95800,2002,25,,,,,2005,26,,,,
95900,2002,25,,,,,2004,3,2005.0,25.0,,
96000,2002,21,,,,,2005,21,,,,
96100,2002,30,,,,,2005,30,,,,
96200,2002,28,,,,,2005,29,,,,
96300,2002,24,,,,,2005,24,,,,
96400,2002,27,,,,,2005,27,,,,
96500,2002,23,,,,,2005,23,,,,
96600,2002,31,,,,,2005,31,,,,
96700,2002,25,,,,,2005,25,,,,
96800,2003,1,2001.0,27.0,,,2004,2,2005.0,25.0,,
96900,2001,21,,,,,2005,21,,,,
97000,2001,22,,,,,2004,24,,,,
97100,2002,3,2001.0,20.0,,,2004,20,,,,
97200,2001,22,,,,,2004,22,,,,
97300,2001,32,,,,,2004,32,,,,
97400,2001,39,,,,,2004,31,,,,
97500,2003,4,2001.0,22.0,,,2004,22,,,,
97600,2001,31,,,,,2004,31,,,,
97700,2001,32,,,,,2004,32,,,,
97800,2001,24,,,,,2004,24,,,,
97900,2001,30,,,,,2004,30,,,,
98000,2001,1,2000.0,30.0,,,2004,31,,,,
98100,2003,1,2001.0,8.0,2000.0,27.0,2004,27,,,,
98200,2000,27,,,,,2001,1,2002.0,3.0,2004.0,27.0
98300,2000,26,,,,,2001,4,2002.0,5.0,2004.0,26.0
98400,2001,25,,,,,2004,26,,,,
98500,2003,5,2001.0,25.0,,,2004,25,,,,
98600,2001,21,,,,,2004,20,,,,
98700,2001,29,,,,,2004,29,,,,
98800,2001,32,,,,,2004,32,,,,
98900,2002,3,2001.0,25.0,,,2004,25,,,,
99000,2001,23,,,,,2003,7,2004.0,23.0,,
99100,2001,22,,,,,2003,2,2004.0,22.0,,
99200,2003,1,2002.0,3.0,2001.0,31.0,2004,31,,,,
99300,2001,21,,,,,2002,2,2004.0,21.0,,
99400,2001,26,,,,,2004,26,,,,
99500,2003,1,2001.0,34.0,,,2004,30,,,,
99600,2001,28,,,,,2004,28,,,,
99700,2001,31,,,,,2004,31,,,,
99800,2001,35,,,,,2002,4,2004.0,2.0,2005.0,27.0
99900,2001,28,,,,,2004,28,,,,
100000,2001,30,,,,,2004,30,,,,
100100,2001,27,,,,,2004,28,,,,
100200,2001,22,,,,,2004,22,,,,
100300,2001,28,,,,,2004,28,,,,
100400,2003,1,2001.0,21.0,,,2004,21,,,,
100500,2001,24,,,,,2004,24,,,,
100600,2001,31,,,,,2004,31,,,,
100700,2001,27,,,,,2004,27,,,,
100800,2001,22,,,,,2004,22,,,,
100900,2001,26,,,,,2004,26,,,,
101000,2001,21,,,,,2004,21,,,,
101100,2001,34,,,,,2004,28,,,,
101200,2001,23,,,,,2004,23,,,,
101300,2002,7,2001.0,27.0,,,2005,28,,,,
101400,2001,26,,,,,2005,26,,,,
101500,2001,26,,,,,2003,3,2005.0,26.0,,
101600,2001,28,,,,,2005,28,,,,
101700,2001,22,,,,,2005,22,,,,
101800,2001,23,,,,,2005,23,,,,
101900,2002,1,2001.0,20.0,,,2005,21,,,,
102000,2001,25,,,,,2005,25,,,,
102100,2001,23,,,,,2003,4,2005.0,23.0,,
102200,2002,2,2001.0,29.0,,,2005,31,,,,
102300,2002,36,,,,,2005,30,,,,
102400,2002,30,,,,,2003,4,2005.0,31.0,,
102500,2004,1,2002.0,30.0,,,2005,30,,,,
102600,2002,23,,,,,2005,23,,,,
102700,2002,30,,,,,2005,22,,,,
102800,2001,29,,,,,2005,29,,,,
102900,2001,25,,,,,2004,2,2005.0,23.0,,
103000,2002,2,2001.0,30.0,,,2005,30,,,,
103100,2001,22,,,,,2005,22,,,,
103200,2001,24,,,,,2004,1,2005.0,23.0,,
103300,2003,2,2001.0,21.0,,,2005,21,,,,
103400,2001,29,,,,,2003,5,2005.0,29.0,,
103500,2001,31,,,,,2005,31,,,,
103600,2003,1,2001.0,31.0,,,2005,31,,,,
103700,2002,8,2001.0,22.0,,,2005,22,,,,
103800,2001,31,,,,,2005,31,,,,
103900,2001,22,,,,,2005,22,,,,
104000,2001,29,,,,,2005,29,,,,
104100,2001,30,,,,,2002,3,2003.0,6.0,2005.0,30.0
104200,2001,23,,,,,2004,23,,,,
104300,2001,24,,,,,2004,24,,,,
104400,2003,5,2001.0,29.0,,,2004,21,,,,
104500,2001,28,,,,,2004,25,,,,
104600,2001,30,,,,,2004,27,,,,
104700,2001,24,,,,,2004,25,,,,
104800,2001,32,,,,,2004,27,,,,
104900,2003,1,2001.0,28.0,,,2004,28,,,,
105000,2001,31,,,,,2004,31,,,,
105100,2001,29,,,,,2004,29,,,,
105200,2001,21,,,,,2004,22,,,,
105300,2001,3,2000.0,23.0,,,2004,23,,,,
105400,2000,29,,,,,2002,4,2004.0,29.0,,
105500,2001,1,2000.0,21.0,,,2004,22,,,,
105600,2001,1,2000.0,28.0,,,2002,3,2004.0,29.0,,
105700,2000,31,,,,,2004,31,,,,
105800,2000,28,,,,,2001,6,2004.0,28.0,,
105900,2000,27,,,,,2004,27,,,,
106000,2000,23,,,,,2004,23,,,,
106100,2000,26,,,,,2004,26,,,,
106200,2001,2,2000.0,23.0,,,2004,23,,,,
106300,2000,22,,,,,2004,22,,,,
106400,2000,26,,,,,2004,26,,,,
106500,2000,22,,,,,2004,22,,,,
106600,2001,7,2000.0,20.0,,,2004,20,,,,
106700,2001,30,,,,,2003,8,2004.0,30.0,,
106800,2001,23,,,,,2004,23,,,,
106900,2000,21,,,,,2001,8,2004.0,23.0,,
107000,2000,27,,,,,2004,27,,,,
107100,2002,1,2000.0,30.0,,,2004,30,,,,
107200,2000,26,,,,,2004,26,,,,
107300,2000,29,,,,,2002,1,2004.0,29.0,,
107400,2000,25,,,,,2004,25,,,,
107500,2000,25,,,,,2004,25,,,,
107600,2000,22,,,,,2003,2,2004.0,20.0,,
107700,2002,4,2000.0,24.0,,,2003,22,,,,
107800,2002,1,2000.0,22.0,,,2003,1,2004.0,21.0,,
107900,2000,25,,,,,2003,2,2004.0,23.0,,
108000,2000,32,,,,,2004,32,,,,
108100,2000,27,,,,,2001,3,2004.0,29.0,,
108200,2001,2,2000.0,23.0,,,2004,25,,,,
108300,2001,27,,,,,2004,27,,,,
108400,2003,1,2000.0,27.0,,,2004,27,,,,
108500,2001,26,,,,,2002,2,2004.0,26.0,,
108600,2001,24,,,,,2004,26,,,,
108700,2001,26,,,,,2004,26,,,,
108800,2001,20,,,,,2003,4,2004.0,21.0,,
108900,2000,28,,,,,2004,28,,,,
109000,2000,22,,,,,2002,8,2004.0,22.0,,
109100,2002,3,2001.0,8.0,2000.0,21.0,2004,23,,,,
109200,2001,5,2000.0,26.0,,,2004,26,,,,
109300,2000,23,,,,,2004,23,,,,
109400,2002,1,2000.0,30.0,,,2004,30,,,,
109500,2000,22,,,,,2003,2,2004.0,20.0,,
109600,2000,23,,,,,2003,1,2004.0,22.0,,
109700,2000,28,,,,,2004,28,,,,
109800,2000,29,,,,,2003,2,2004.0,27.0,,
109900,2000,26,,,,,2002,7,2003.0,26.0,,
110000,2000,32,,,,,2003,30,,,,
110100,2002,2,2000.0,28.0,,,2003,24,,,,
110200,2000,23,,,,,2003,23,,,,
110300,2000,30,,,,,2003,30,,,,
110400,2000,29,,,,,2003,29,,,,
110500,2000,23,,,,,2003,23,,,,
110600,2000,23,,,,,2003,2,2004.0,21.0,,
110700,2000,22,,,,,2004,22,,,,
110800,2000,27,,,,,2004,27,,,,
110900,2000,32,,,,,2004,32,,,,
111000,2000,28,,,,,2003,1,2004.0,27.0,,
111100,2000,21,,,,,2004,21,,,,
111200,2001,27,,,,,2002,3,2004.0,27.0,,
111300,2002,3,2000.0,20.0,,,2004,20,,,,
111400,2000,28,,,,,2004,28,,,,
111500,2000,25,,,,,2002,6,2004.0,25.0,,
111600,2000,29,,,,,2002,2,2004.0,31.0,,
111700,2001,2,2000.0,26.0,,,2004,28,,,,
111800,2001,34,,,,,2004,26,,,,
111900,2001,1,2000.0,25.0,,,2004,26,,,,
112000,2002,5,2001.0,1.0,2000.0,27.0,2004,28,,,,
112100,2001,25,,,,,2004,25,,,,
112200,2001,32,,,,,2004,29,,,,
112300,2001,25,,,,,2004,23,,,,
112400,2003,1,2001.0,29.0,,,2004,29,,,,
112500,2001,26,,,,,2004,27,,,,
112600,2001,30,,,,,2003,7,2004.0,30.0,,
112700,2001,22,,,,,2004,22,,,,
112800,2002,2,2001.0,22.0,,,2004,22,,,,
112900,2001,23,,,,,2003,4,2004.0,23.0,,
113000,2001,24,,,,,2004,24,,,,
113100,2003,1,2001.0,25.0,,,2004,1,2005.0,24.0,,
113200,2001,27,,,,,2004,28,,,,
113300,2001,21,,,,,2003,4,2004.0,21.0,,
113400,2001,21,,,,,2003,7,2004.0,21.0,,
113500,2001,26,,,,,2004,20,,,,
113600,2001,27,,,,,2004,28,,,,
113700,2001,26,,,,,2003,1,2004.0,26.0,,
113800,2001,28,,,,,2003,2,2004.0,28.0,,
113900,2001,29,,,,,2004,28,,,,
114000,2001,26,,,,,2004,26,,,,
114100,2003,9,2001.0,31.0,,,2004,28,,,,
114200,2001,28,,,,,2004,28,,,,
114300,2000,22,,,,,2001,1,2004.0,22.0,,
114400,2000,25,,,,,2002,5,2003.0,2.0,2004.0,23.0
114500,2000,28,,,,,2002,1,2003.0,1.0,2004.0,27.0
114600,2000,21,,,,,2004,21,,,,
114700,2001,5,2000.0,26.0,,,2004,26,,,,
114800,2000,31,,,,,2002,4,2004.0,31.0,,
114900,2000,25,,,,,2004,25,,,,
115000,2000,23,,,,,2004,24,,,,
115100,2000,26,,,,,2002,8,2003.0,2.0,2004.0,24.0
115200,2000,21,,,,,2004,22,,,,
115300,2000,28,,,,,2004,28,,,,
115400,2001,8,2000.0,26.0,,,2004,26,,,,
115500,2000,30,,,,,2003,2,2004.0,28.0,,
115600,2000,27,,,,,2001,3,2003.0,27.0,,
115700,2000,25,,,,,2002,4,2003.0,1.0,2004.0,24.0
115800,2002,1,2000.0,31.0,,,2003,31,,,,
115900,2000,23,,,,,2003,23,,,,
116000,2000,27,,,,,2002,3,2003.0,27.0,,
116100,2000,32,,,,,2003,32,,,,
116200,2000,23,,,,,2003,23,,,,
116300,2000,25,,,,,2003,25,,,,
116400,2000,23,,,,,2002,1,2003.0,23.0,,
116500,2000,30,,,,,2003,30,,,,
116600,2000,22,,,,,2001,3,2002.0,1.0,2003.0,22.0
116700,2002,1,2000.0,30.0,,,2003,30,,,,
116800,2000,25,,,,,2003,25,,,,
116900,2000,32,,,,,2001,5,2003.0,32.0,,
117000,2000,24,,,,,2002,2,2003.0,2.0,2004.0,22.0
117100,2000,27,,,,,2002,2,2003.0,2.0,2004.0,25.0
117200,2000,26,,,,,2004,26,,,,
117300,2000,27,,,,,2002,2,2004.0,27.0,,
117400,2001,35,,,,,2004,28,,,,
117500,2001,27,,,,,2004,26,,,,
117600,2001,23,,,,,2004,23,,,,
117700,2003,1,2000.0,27.0,,,2004,27,,,,
117800,2001,2,2000.0,24.0,,,2002,4,2004.0,26.0,,
117900,2001,2,2000.0,20.0,,,2004,22,,,,
118000,2001,35,,,,,2004,28,,,,
118100,2001,29,,,,,2004,29,,,,
118200,2002,3,2001.0,3.0,2000.0,29.0,2004,29,,,,
118300,2001,1,2000.0,25.0,,,2002,5,2004.0,26.0,,
118400,2001,28,,,,,2004,23,,,,
118500,2001,30,,,,,2003,7,2004.0,30.0,,
118600,2001,30,,,,,2004,31,,,,
118700,2001,28,,,,,2004,28,,,,
118800,2001,29,,,,,2004,29,,,,
118900,2001,29,,,,,2004,29,,,,
119000,2001,32,,,,,2003,3,2004.0,32.0,,
119100,2001,23,,,,,2004,23,,,,
119200,2001,31,,,,,2004,27,,,,
119300,2001,29,,,,,2004,29,,,,
119400,2001,24,,,,,2004,24,,,,
119500,2001,26,,,,,2004,27,,,,
119600,2001,21,,,,,2004,21,,,,
119700,2001,35,,,,,2004,30,,,,
119800,2001,38,,,,,2004,31,,,,
119900,2001,27,,,,,2003,3,2004.0,27.0,,
120000,2001,23,,,,,2003,3,2004.0,23.0,,
120100,2001,27,,,,,2004,27,,,,
120200,2001,20,,,,,2004,21,,,,
120300,2001,33,,,,,2004,29,,,,
120400,2001,36,,,,,2004,31,,,,
120500,2001,31,,,,,2004,31,,,,
120600,2001,28,,,,,2004,28,,,,
120700,2001,30,,,,,2004,29,,,,
120800,2003,1,2002.0,6.0,2001.0,34.0,2004,29,,,,
120900,2001,30,,,,,2003,3,2004.0,30.0,,
121000,2001,27,,,,,2004,27,,,,
121100,2001,1,2000.0,26.0,,,2004,27,,,,
121200,2001,25,,,,,2004,24,,,,
121300,2000,23,,,,,2004,23,,,,
121400,2001,1,2000.0,25.0,,,2002,6,2004.0,26.0,,
121500,2001,2,2000.0,23.0,,,2004,25,,,,
121600,2000,30,,,,,2003,1,2004.0,29.0,,
121700,2000,27,,,,,2003,27,,,,
121800,2000,23,,,,,2002,5,2003.0,23.0,,
121900,2000,24,,,,,2003,24,,,,
122000,2000,13,,,,,2003,22,,,,
122100,2000,21,,,,,2002,8,2003.0,21.0,,
122200,2000,25,,,,,2003,20,,,,
122300,2001,1,2000.0,32.0,,,2003,2,2004.0,30.0,,
122400,2000,20,,,,,2002,5,2004.0,20.0,,
122500,2000,22,,,,,2002,5,2004.0,22.0,,
122600,2000,29,,,,,2004,29,,,,
122700,2000,27,,,,,2001,1,2004.0,27.0,,
122800,2000,26,,,,,2004,26,,,,
122900,2001,28,,,,,2003,6,2004.0,28.0,,
123000,2001,25,,,,,2004,24,,,,
123100,2001,26,,,,,2004,32,,,,
123200,2003,1,2002.0,6.0,2001.0,36.0,2004,30,,,,
123300,2003,9,2001.0,28.0,,,2004,28,,,,
123400,2001,25,,,,,2004,25,,,,
123500,2001,30,,,,,2004,26,,,,
123600,2001,28,,,,,2004,28,,,,
123700,2001,31,,,,,2004,31,,,,
123800,2001,24,,,,,2004,24,,,,
123900,2003,1,2001.0,29.0,,,2004,27,,,,
124000,2003,1,2001.0,28.0,,,2004,28,,,,
124100,2001,22,,,,,2004,22,,,,
124200,2002,3,2001.0,25.0,,,2004,25,,,,
124300,2001,29,,,,,2004,29,,,,
124400,2001,21,,,,,2004,21,,,,
124500,2001,26,,,,,2004,26,,,,
124600,2001,22,,,,,2002,3,2004.0,22.0,,
124700,2001,26,,,,,2004,26,,,,
124800,2001,25,,,,,2004,25,,,,
124900,2001,30,,,,,2004,30,,,,
125000,2001,28,,,,,2004,28,,,,
125100,2001,31,,,,,2004,32,,,,
125200,2001,26,,,,,2003,1,2004.0,26.0,,
125300,2001,27,,,,,2004,27,,,,
125400,2001,32,,,,,2003,6,2004.0,32.0,,
125500,2001,28,,,,,2004,28,,,,
125600,2001,29,,,,,2003,7,2004.0,29.0,,
125700,2001,27,,,,,2004,27,,,,
125800,2001,22,,,,,2004,22,,,,
125900,2001,27,,,,,2004,23,,,,
126000,2001,30,,,,,2004,30,,,,
126100,2001,26,,,,,2004,26,,,,
126200,2001,27,,,,,2004,29,,,,
126300,2001,31,,,,,2004,28,,,,
126400,2001,30,,,,,2004,30,,,,
126500,2001,27,,,,,2004,27,,,,
126600,2000,26,,,,,2002,2,2004.0,26.0,,
126700,2001,26,,,,,2004,26,,,,
126800,2001,25,,,,,2004,25,,,,
126900,2001,33,,,,,2004,25,,,,
127000,2001,28,,,,,2004,28,,,,
127100,2001,20,,,,,2004,20,,,,
127200,2001,25,,,,,2004,24,,,,
127300,2001,23,,,,,2004,24,,,,
127400,2001,26,,,,,2004,24,,,,
127500,2001,24,,,,,2003,2,2004.0,24.0,,
127600,2001,21,,,,,2002,3,2004.0,22.0,,
127700,2001,26,,,,,2003,7,2004.0,26.0,,
127800,2001,24,,,,,2003,1,2004.0,24.0,,
127900,2001,33,,,,,2004,28,,,,
128000,2001,27,,,,,2004,27,,,,
128100,2001,32,,,,,2004,26,,,,
128200,2001,22,,,,,2004,22,,,,
128300,2001,22,,,,,2003,6,2004.0,22.0,,
128400,2001,22,,,,,2004,31,,,,
128500,2001,28,,,,,2004,28,,,,
128600,2001,34,,,,,2004,31,,,,
128700,2001,29,,,,,2003,2,2004.0,29.0,,
128800,2003,1,2001.0,24.0,,,2004,24,,,,
128900,2003,3,2001.0,25.0,,,2004,25,,,,
129000,2001,27,,,,,2004,22,,,,
129100,2001,29,,,,,2004,29,,,,
129200,2001,30,,,,,2004,30,,,,
129300,2001,28,,,,,2004,28,,,,
129400,2001,24,,,,,2004,24,,,,
129500,2001,26,,,,,2004,25,,,,
129600,2001,29,,,,,2003,6,2004.0,29.0,,
129700,2001,19,,,,,2004,20,,,,
129800,2001,22,,,,,2004,21,,,,
129900,2001,27,,,,,2004,27,,,,
130000,2001,23,,,,,2004,23,,,,
130100,2001,31,,,,,2004,31,,,,
130200,2001,24,,,,,2004,25,,,,
130300,2001,29,,,,,2004,30,,,,
130400,2001,26,,,,,2002,3,2004.0,27.0,,
130500,2001,31,,,,,2004,31,,,,
130600,2003,1,2001.0,25.0,,,2004,25,,,,
130700,2001,25,,,,,2004,25,,,,
130800,2001,24,,,,,2003,5,2004.0,24.0,,
130900,2001,31,,,,,2004,31,,,,
131000,2001,27,,,,,2003,7,2004.0,27.0,,
131100,2001,18,,,,,2002,2,2003.0,5.0,2004.0,24.0
131200,2001,29,,,,,2004,29,,,,
131300,2001,27,,,,,2004,27,,,,
131400,2001,30,,,,,2004,30,,,,
131500,2001,22,,,,,2004,22,,,,
131600,2001,20,,,,,2003,5,2004.0,20.0,,
131700,2001,24,,,,,2004,24,,,,
131800,2001,30,,,,,2004,30,,,,
131900,2001,23,,,,,2004,23,,,,
132000,2001,25,,,,,2004,25,,,,
132100,2001,23,,,,,2004,30,,,,
132200,2001,22,,,,,2004,22,,,,
132300,2002,4,2001.0,27.0,,,2004,27,,,,
132400,2001,25,,,,,2004,25,,,,
132500,2001,31,,,,,2004,31,,,,
132600,2001,25,,,,,2003,7,2004.0,25.0,,
132700,2001,24,,,,,2002,3,2004.0,1.0,2005.0,23.0
132800,2001,22,,,,,2005,22,,,,
132900,2001,26,,,,,2005,26,,,,
133000,2001,22,,,,,2005,22,,,,
133100,2002,1,2001.0,29.0,,,2005,30,,,,
133200,2002,26,,,,,2005,26,,,,
133300,2001,25,,,,,2003,5,2005.0,25.0,,
133400,2002,1,2001.0,21.0,,,2005,22,,,,
133500,2001,20,,,,,2005,20,,,,
133600,2002,5,2001.0,26.0,,,2005,26,,,,
133700,2002,2,2001.0,27.0,,,2005,29,,,,
133800,2002,1,2001.0,25.0,,,2005,26,,,,
133900,2002,2,2001.0,25.0,,,2005,27,,,,
134000,2002,2,2001.0,27.0,,,2005,29,,,,
134100,2004,9,2002.0,29.0,,,2005,29,,,,
134200,2002,25,,,,,2005,27,,,,
134300,2004,1,2002.0,27.0,,,2005,27,,,,
134400,2002,26,,,,,2005,26,,,,
134500,2002,26,,,,,2005,26,,,,
134600,2002,26,,,,,2005,26,,,,
134700,2002,36,,,,,2005,31,,,,
134800,2002,23,,,,,2004,8,2005.0,23.0,,
134900,2002,29,,,,,2005,29,,,,
135000,2002,22,,,,,2005,22,,,,
135100,2002,26,,,,,2005,26,,,,
135200,2002,23,,,,,2005,23,,,,
135300,2002,25,,,,,2005,26,,,,
135400,2002,21,,,,,2005,21,,,,
135500,2002,25,,,,,2005,25,,,,
135600,2002,24,,,,,2005,25,,,,
135700,2002,26,,,,,2004,1,2005.0,26.0,,
135800,2002,26,,,,,2005,26,,,,
135900,2002,24,,,,,2005,24,,,,
136000,2002,29,,,,,2004,3,2005.0,29.0,,
136100,2002,28,,,,,2004,4,2006.0,28.0,,
136200,2002,20,,,,,2005,20,,,,
136300,2002,27,,,,,2005,25,,,,
136400,2002,33,,,,,2005,25,,,,
136500,2002,25,,,,,2005,26,,,,
136600,2002,29,,,,,2006,29,,,,
136700,2002,29,,,,,2005,29,,,,
136800,2002,23,,,,,2004,8,2005.0,1.0,2006.0,22.0
136900,2003,2,2002.0,26.0,,,2006,26,,,,
137000,2002,28,,,,,2006,28,,,,
137100,2002,31,,,,,2004,5,2006.0,31.0,,
137200,2002,22,,,,,2003,3,2004.0,3.0,2006.0,22.0
137300,2004,2,2002.0,31.0,,,2005,31,,,,
137400,2002,24,,,,,2005,2,2006.0,22.0,,
137500,2004,1,2002.0,25.0,,,2006,25,,,,
137600,2002,25,,,,,2006,25,,,,
137700,2003,1,2002.0,28.0,,,2006,29,,,,
137800,2003,30,,,,,2006,30,,,,
137900,2003,27,,,,,2006,27,,,,
138000,2003,26,,,,,2006,26,,,,
138100,2003,2,2002.0,30.0,,,2006,32,,,,
138200,2003,31,,,,,2006,31,,,,
138300,2005,1,2003.0,32.0,,,2006,32,,,,
138400,2003,25,,,,,2006,25,,,,
138500,2003,31,,,,,2005,6,2006.0,31.0,,
138600,2003,24,,,,,2005,2,2006.0,24.0,,
138700,2003,22,,,,,2005,3,2006.0,22.0,,
138800,2005,1,2003.0,34.0,,,2006,31,,,,
138900,2003,22,,,,,2006,22,,,,
139000,2005,1,2003.0,24.0,,,2006,20,,,,
139100,2003,24,,,,,2006,24,,,,
139200,2003,26,,,,,2005,5,2006.0,26.0,,
139300,2003,30,,,,,2006,30,,,,
139400,2003,22,,,,,2006,22,,,,
139500,2005,1,2003.0,26.0,,,2006,21,,,,
139600,2003,23,,,,,2006,23,,,,
139700,2003,30,,,,,2006,30,,,,
139800,2003,35,,,,,2006,27,,,,
139900,2003,25,,,,,2006,25,,,,
140000,2003,26,,,,,2006,26,,,,
140100,2003,28,,,,,2006,28,,,,
140200,2003,23,,,,,2006,23,,,,
140300,2003,25,,,,,2006,25,,,,
140400,2003,29,,,,,2005,4,2006.0,29.0,,
140500,2003,28,,,,,2006,28,,,,
140600,2003,30,,,,,2006,30,,,,
140700,2004,1,2003.0,4.0,2002.0,29.0,2006,29,,,,
140800,2003,3,2002.0,29.0,,,2006,29,,,,
140900,2002,22,,,,,2003,1,2006.0,22.0,,
141000,2002,30,,,,,2006,30,,,,
141100,2002,23,,,,,2004,5,2006.0,23.0,,
141200,2002,23,,,,,2006,23,,,,
141300,2002,27,,,,,2006,27,,,,
141400,2005,1,2003.0,6.0,2002.0,25.0,2006,25,,,,
141500,2002,31,,,,,2004,5,2006.0,31.0,,
141600,2002,28,,,,,2004,4,2006.0,28.0,,
141700,2004,10,2003.0,2.0,2002.0,30.0,2006,32,,,,
141800,2003,7,2002.0,31.0,,,2006,31,,,,
141900,2002,22,,,,,2006,22,,,,
142000,2002,21,,,,,2005,21,,,,
142100,2002,21,,,,,2004,1,2006.0,21.0,,
142200,2003,8,2002.0,28.0,,,2006,28,,,,
142300,2002,26,,,,,2005,1,2006.0,25.0,,
142400,2002,32,,,,,2006,32,,,,
142500,2002,23,,,,,2006,23,,,,
142600,2003,25,,,,,2006,25,,,,
142700,2003,27,,,,,2006,27,,,,
142800,2005,5,2003.0,30.0,,,2006,29,,,,
142900,2003,21,,,,,2006,20,,,,
143000,2003,24,,,,,2006,24,,,,
143100,2003,28,,,,,2006,28,,,,
143200,2003,26,,,,,2006,26,,,,
143300,2003,24,,,,,2006,25,,,,
143400,2003,35,,,,,2006,31,,,,
143500,2003,29,,,,,2006,24,,,,
143600,2003,29,,,,,2004,4,2006.0,29.0,,
143700,2003,30,,,,,2006,30,,,,
143800,2003,27,,,,,2005,6,2006.0,27.0,,
143900,2005,1,2003.0,23.0,,,2006,23,,,,
144000,2002,20,,,,,2006,20,,,,
144100,2003,29,,,,,2005,4,2006.0,29.0,,
144200,2003,2,2002.0,31.0,,,2006,31,,,,
144300,2003,2,2002.0,26.0,,,2004,4,2006.0,28.0,,
144400,2003,3,2002.0,29.0,,,2006,29,,,,
144500,2002,29,,,,,2004,2,2006.0,29.0,,
144600,2002,25,,,,,2006,25,,,,
144700,2002,21,,,,,2004,3,2006.0,21.0,,
144800,2002,31,,,,,2004,6,2006.0,31.0,,
144900,2002,28,,,,,2006,28,,,,
145000,2002,22,,,,,2005,1,2006.0,21.0,,
145100,2002,26,,,,,2005,26,,,,
145200,2002,26,,,,,2005,26,,,,
145300,2002,23,,,,,2004,6,2005.0,23.0,,
145400,2002,29,,,,,2004,2,2005.0,29.0,,
145500,2002,31,,,,,2005,31,,,,
145600,2002,28,,,,,2005,28,,,,
145700,2002,25,,,,,2005,22,,,,
145800,2004,1,2002.0,23.0,,,2006,23,,,,
145900,2004,1,2002.0,24.0,,,2005,2,2006.0,22.0,,
146000,2004,1,2002.0,22.0,,,2005,22,,,,
146100,2002,30,,,,,2005,30,,,,
146200,2002,29,,,,,2004,5,2005.0,29.0,,
146300,2002,23,,,,,2005,23,,,,
146400,2002,24,,,,,2003,4,2005.0,24.0,,
146500,2002,25,,,,,2005,1,2006.0,24.0,,
146600,2002,27,,,,,2004,6,2006.0,27.0,,
146700,2002,22,,,,,2004,3,2005.0,22.0,,
146800,2004,1,2002.0,23.0,,,2005,23,,,,
146900,2002,25,,,,,2003,3,2005.0,26.0,,
147000,2002,26,,,,,2005,26,,,,
147100,2002,21,,,,,2004,8,2005.0,25.0,,
147200,2002,22,,,,,2005,22,,,,
147300,2002,30,,,,,2005,31,,,,
147400,2002,30,,,,,2005,30,,,,
147500,2002,23,,,,,2005,23,,,,
147600,2002,28,,,,,2005,28,,,,
147700,2002,22,,,,,2005,22,,,,
147800,2004,1,2002.0,33.0,,,2005,29,,,,
147900,2002,26,,,,,2005,26,,,,
148000,2003,2,2002.0,27.0,,,2004,5,2005.0,27.0,,
148100,2002,24,,,,,2005,27,,,,
148200,2004,1,2002.0,23.0,,,2005,23,,,,
148300,2002,13,,,,,2004,6,2005.0,23.0,,
148400,2003,3,2002.0,26.0,,,2005,26,,,,
148500,2004,1,2002.0,20.0,,,2005,20,,,,
148600,2002,21,,,,,2005,21,,,,
148700,2002,28,,,,,2005,27,,,,
148800,2002,25,,,,,2005,25,,,,
148900,2003,4,2002.0,23.0,,,2004,7,2005.0,23.0,,
149000,2002,25,,,,,2005,27,,,,
149100,2002,26,,,,,2005,26,,,,
149200,2002,32,,,,,2005,30,,,,
149300,2002,23,,,,,2005,23,,,,
149400,2002,28,,,,,2003,3,2004.0,7.0,2005.0,28.0
149500,2002,21,,,,,2004,7,2005.0,21.0,,
149600,2002,25,,,,,2005,28,,,,
149700,2002,24,,,,,2005,24,,,,
149800,2002,30,,,,,2005,30,,,,
149900,2002,30,,,,,2004,1,2005.0,30.0,,
150000,2003,1,2002.0,29.0,,,2004,8,2005.0,29.0,,
150100,2002,27,,,,,2004,2,2005.0,27.0,,
150200,2002,30,,,,,2004,2,2005.0,30.0,,
150300,2001,31,,,,,2003,8,2005.0,31.0,,
150400,2001,21,,,,,2004,1,2005.0,20.0,,
150500,2003,1,2001.0,31.0,,,2004,2,2005.0,29.0,,
150600,2001,23,,,,,2004,23,,,,
150700,2001,32,,,,,2004,26,,,,
150800,2001,27,,,,,2003,6,2004.0,27.0,,
150900,2001,30,,,,,2004,30,,,,
151000,2001,23,,,,,2004,23,,,,
151100,2001,34,,,,,2004,30,,,,
151200,2001,22,,,,,2005,22,,,,
151300,2001,23,,,,,2002,2,2005.0,23.0,,
151400,2001,20,,,,,2004,1,2005.0,20.0,,
151500,2001,31,,,,,2003,5,2004.0,31.0,,
151600,2002,3,2001.0,26.0,,,2004,2,2005.0,24.0,,
151700,2001,29,,,,,2004,1,2005.0,28.0,,
151800,2001,27,,,,,2004,2,2005.0,25.0,,
151900,2001,31,,,,,2002,1,2005.0,31.0,,
152000,2004,1,2001.0,26.0,,,2005,26,,,,
152100,2001,32,,,,,2005,32,,,,
152200,2001,23,,,,,2004,23,,,,
152300,2001,31,,,,,2004,2,2005.0,30.0,,
152400,2001,30,,,,,2002,2,2003.0,5.0,2004.0,2.0
152500,2001,32,,,,,2004,2,2005.0,30.0,,
152600,2001,27,,,,,2004,1,2005.0,26.0,,
152700,2002,5,2001.0,28.0,,,2005,28,,,,
152800,2003,3,2001.0,23.0,,,2005,23,,,,
152900,2001,23,,,,,2005,23,,,,
153000,2002,2,2001.0,23.0,,,2005,25,,,,
153100,2002,7,2001.0,30.0,,,2005,30,,,,
153200,2001,22,,,,,2005,22,,,,
153300,2002,29,,,,,2005,29,,,,
153400,2002,27,,,,,2003,2,2004.0,4.0,2005.0,27.0
153500,2002,28,,,,,2005,28,,,,
153600,2002,27,,,,,2005,21,,,,
153700,2002,32,,,,,2004,3,2005.0,32.0,,
153800,2004,1,2002.0,26.0,,,2005,26,,,,
153900,2002,20,,,,,2005,21,,,,
154000,2002,12,,,,,2005,22,,,,
154100,2002,23,,,,,2005,23,,,,
154200,2001,29,,,,,2003,4,2005.0,29.0,,
154300,2002,4,2001.0,22.0,,,2005,24,,,,
154400,2002,25,,,,,2005,25,,,,
154500,2004,1,2003.0,5.0,2002.0,5.0,2005,31,,,,
154600,2002,2,2001.0,25.0,,,2005,27,,,,
154700,2001,23,,,,,2002,1,2003.0,7.0,2005.0,23.0
154800,2001,29,,,,,2002,1,2003.0,3.0,2005.0,29.0
154900,2003,4,2002.0,1.0,2001.0,30.0,2005,31,,,,
155000,2002,3,2001.0,29.0,,,2005,31,,,,
155100,2002,2,2001.0,20.0,,,2005,22,,,,
155200,2001,24,,,,,2003,7,2005.0,24.0,,
155300,2001,25,,,,,2005,25,,,,
155400,2001,23,,,,,2005,23,,,,
155500,2001,22,,,,,2005,22,,,,
155600,2001,32,,,,,2005,32,,,,
155700,2001,22,,,,,2005,22,,,,
155800,2001,22,,,,,2004,1,2005.0,21.0,,
155900,2002,8,2001.0,29.0,,,2005,29,,,,
156000,2001,28,,,,,2004,1,2005.0,27.0,,
156100,2003,8,2001.0,24.0,,,2004,1,2005.0,23.0,,
156200,2001,25,,,,,2002,5,2004.0,25.0,,
156300,2001,26,,,,,2004,26,,,,
156400,2002,2,2001.0,21.0,,,2004,21,,,,
156500,2001,32,,,,,2003,8,2004.0,32.0,,
156600,2001,27,,,,,2004,27,,,,
156700,2001,31,,,,,2004,31,,,,
156800,2001,24,,,,,2005,24,,,,
156900,2001,21,,,,,2004,21,,,,
157000,2001,32,,,,,2004,32,,,,
157100,2001,34,,,,,2004,27,,,,
157200,2001,23,,,,,2004,2,2005.0,21.0,,
157300,2001,30,,,,,2004,30,,,,
157400,2001,27,,,,,2004,27,,,,
157500,2001,28,,,,,2005,28,,,,
157600,2003,1,2001.0,26.0,,,2004,26,,,,
157700,2001,24,,,,,2004,2,2005.0,22.0,,
157800,2002,4,2001.0,25.0,,,2005,25,,,,
157900,2001,27,,,,,2002,5,2005.0,27.0,,
158000,2001,25,,,,,2002,1,2003.0,4.0,2005.0,25.0
158100,2002,2,2001.0,25.0,,,2005,27,,,,
158200,2002,32,,,,,2005,32,,,,
158300,2002,28,,,,,2005,22,,,,
158400,2002,30,,,,,2004,6,2005.0,30.0,,
158500,2002,25,,,,,2004,4,2005.0,26.0,,
158600,2002,28,,,,,2004,6,2005.0,28.0,,
158700,2002,26,,,,,2005,26,,,,
158800,2002,22,,,,,2005,22,,,,
158900,2002,21,,,,,2005,21,,,,
159000,2002,32,,,,,2005,32,,,,
159100,2002,24,,,,,2005,24,,,,
159200,2002,22,,,,,2005,22,,,,
159300,2002,30,,,,,2005,24,,,,
159400,2002,21,,,,,2004,6,2005.0,21.0,,
159500,2002,25,,,,,2005,26,,,,
159600,2002,20,,,,,2004,1,2005.0,20.0,,
159700,2002,26,,,,,2006,26,,,,
159800,2002,23,,,,,2005,23,,,,
159900,2002,30,,,,,2005,30,,,,
160000,2002,27,,,,,2005,26,,,,
160100,2002,25,,,,,2005,2,2006.0,23.0,,
160200,2002,27,,,,,2005,28,,,,
160300,2004,1,2002.0,30.0,,,2005,30,,,,
160400,2002,33,,,,,2005,30,,,,
160500,2002,20,,,,,2005,20,,,,
160600,2003,3,2002.0,26.0,,,2005,26,,,,
160700,2002,26,,,,,2003,6,2005.0,27.0,,
160800,2002,27,,,,,2005,27,,,,
160900,2002,27,,,,,2005,1,2006.0,26.0,,
161000,2002,26,,,,,2006,26,,,,
161100,2002,28,,,,,2006,28,,,,
161200,2002,27,,,,,2003,3,2005.0,2.0,2006.0,25.0
161300,2002,24,,,,,2006,24,,,,
161400,2002,29,,,,,2006,29,,,,
161500,2002,27,,,,,2004,2,2005.0,27.0,,
161600,2002,29,,,,,2005,24,,,,
161700,2004,1,2002.0,25.0,,,2005,25,,,,
161800,2002,30,,,,,2004,8,2005.0,31.0,,
161900,2002,29,,,,,2005,21,,,,
162000,2002,20,,,,,2005,20,,,,
162100,2002,35,,,,,2005,31,,,,
162200,2002,1,2001.0,29.0,,,2005,30,,,,
162300,2001,23,,,,,2005,23,,,,
162400,2001,30,,,,,2002,1,2005.0,30.0,,
162500,2001,20,,,,,2005,20,,,,
162600,2002,1,2001.0,23.0,,,2005,24,,,,
162700,2002,8,2001.0,22.0,,,2005,22,,,,
162800,2001,29,,,,,2005,29,,,,
162900,2002,6,2001.0,30.0,,,2005,30,,,,
163000,2001,30,,,,,2004,30,,,,
163100,2001,23,,,,,2003,2,2004.0,23.0,,
163200,2003,1,2001.0,22.0,,,2005,22,,,,
163300,2004,1,2001.0,27.0,,,2005,27,,,,
163400,2002,5,2001.0,24.0,,,2005,24,,,,
163500,2001,27,,,,,2004,27,,,,
163600,2001,23,,,,,2002,2,2005.0,23.0,,
163700,2001,31,,,,,2005,31,,,,
163800,2001,29,,,,,2003,6,2004.0,1.0,2005.0,28.0
163900,2001,25,,,,,2004,2,2005.0,23.0,,
164000,2002,3,2001.0,27.0,,,2005,27,,,,
164100,2001,25,,,,,2004,2,2005.0,23.0,,
164200,2001,28,,,,,2004,28,,,,
164300,2001,26,,,,,2003,5,2004.0,2.0,2005.0,24.0
164400,2001,32,,,,,2005,32,,,,
164500,2001,25,,,,,2003,2,2005.0,25.0,,
164600,2002,1,2001.0,27.0,,,2005,28,,,,
164700,2002,31,,,,,2005,31,,,,
164800,2002,31,,,,,2005,25,,,,
164900,2002,24,,,,,2005,24,,,,
165000,2002,23,,,,,2005,23,,,,
165100,2002,31,,,,,2005,29,,,,
165200,2002,33,,,,,2005,30,,,,
165300,2002,22,,,,,2005,22,,,,
165400,2002,25,,,,,2005,25,,,,
165500,2002,24,,,,,2004,7,2005.0,24.0,,
165600,2002,30,,,,,2005,30,,,,
165700,2002,31,,,,,2004,3,2005.0,31.0,,
165800,2002,23,,,,,2005,23,,,,
165900,2002,20,,,,,2005,20,,,,
166000,2003,6,2002.0,25.0,,,2005,25,,,,
166100,2002,30,,,,,2005,30,,,,
166200,2002,31,,,,,2004,4,2005.0,2.0,2006.0,29.0
166300,2002,33,,,,,2005,27,,,,
166400,2002,26,,,,,2005,24,,,,
166500,2002,31,,,,,2005,23,,,,
166600,2002,25,,,,,2003,3,2005.0,25.0,,
166700,2002,29,,,,,2005,30,,,,
166800,2002,24,,,,,2005,24,,,,
166900,2002,28,,,,,2005,28,,,,
167000,2002,30,,,,,2005,30,,,,
167100,2002,28,,,,,2005,2,2006.0,27.0,,
167200,2002,24,,,,,2005,2,2006.0,22.0,,
167300,2002,30,,,,,2006,30,,,,
167400,2002,30,,,,,2005,2,2006.0,28.0,,
167500,2002,29,,,,,2005,29,,,,
167600,2002,28,,,,,2005,28,,,,
167700,2002,25,,,,,2005,24,,,,
167800,2004,1,2002.0,32.0,,,2005,32,,,,
167900,2002,28,,,,,2005,28,,,,
168000,2002,25,,,,,2004,2,2005.0,25.0,,
168100,2002,29,,,,,2005,29,,,,
168200,2002,21,,,,,2005,21,,,,
168300,2002,25,,,,,2004,3,2005.0,25.0,,
168400,2002,27,,,,,2005,27,,,,
168500,2002,26,,,,,2005,24,,,,
168600,2002,30,,,,,2005,29,,,,
168700,2002,29,,,,,2005,29,,,,
168800,2002,33,,,,,2005,25,,,,
168900,2002,21,,,,,2004,1,2005.0,21.0,,
169000,2002,25,,,,,2004,8,2005.0,25.0,,
169100,2002,29,,,,,2005,29,,,,
169200,2002,26,,,,,2004,3,2005.0,27.0,,
169300,2002,31,,,,,2003,3,2005.0,31.0,,
169400,2002,25,,,,,2005,25,,,,
169500,2004,8,2002.0,28.0,,,2005,28,,,,
169600,2004,1,2002.0,29.0,,,2005,29,,,,
169700,2002,26,,,,,2004,4,2005.0,26.0,,
169800,2002,28,,,,,2005,28,,,,
169900,2004,1,2002.0,1.0,2001.0,30.0,2005,31,,,,
170000,2002,1,2001.0,30.0,,,2003,2,2005.0,31.0,,
170100,2002,1,2001.0,22.0,,,2005,23,,,,
170200,2002,23,,,,,2005,23,,,,
170300,2002,2,2001.0,23.0,,,2005,25,,,,
170400,2004,1,2002.0,2.0,2001.0,25.0,2005,27,,,,
170500,2001,23,,,,,2005,23,,,,
170600,2002,29,,,,,2005,29,,,,
170700,2001,20,,,,,2005,20,,,,
170800,2002,8,2001.0,25.0,,,2005,25,,,,
170900,2001,31,,,,,2003,4,2005.0,31.0,,
171000,2001,26,,,,,2005,26,,,,
171100,2001,24,,,,,2003,2,2004.0,1.0,2005.0,23.0
171200,2002,6,2001.0,25.0,,,2004,2,2005.0,23.0,,
171300,2003,1,2001.0,28.0,,,2005,28,,,,
171400,2001,21,,,,,2004,21,,,,
171500,2001,32,,,,,2004,32,,,,
171600,2001,25,,,,,2004,25,,,,
171700,2001,28,,,,,2003,7,2004.0,1.0,2005.0,27.0
171800,2001,29,,,,,2004,1,2005.0,28.0,,
171900,2001,25,,,,,2004,25,,,,
172000,2001,22,,,,,2004,2,2005.0,20.0,,
172100,2001,30,,,,,2004,30,,,,
172200,2001,30,,,,,2003,8,2004.0,30.0,,
172300,2001,27,,,,,2003,3,2004.0,27.0,,
172400,2001,23,,,,,2004,23,,,,
172500,2001,23,,,,,2004,23,,,,
172600,2001,30,,,,,2004,30,,,,
172700,2001,27,,,,,2004,27,,,,
172800,2001,25,,,,,2004,25,,,,
172900,2001,31,,,,,2004,29,,,,
173000,2003,1,2001.0,27.0,,,2004,27,,,,
173100,2001,24,,,,,2004,24,,,,
173200,2001,25,,,,,2004,25,,,,
173300,2001,26,,,,,2004,26,,,,
173400,2001,30,,,,,2004,2,2005.0,28.0,,
173500,2001,23,,,,,2005,23,,,,
173600,2004,1,2001.0,25.0,,,2005,25,,,,
173700,2001,23,,,,,2003,7,2005.0,23.0,,
173800,2001,22,,,,,2005,22,,,,
173900,2001,22,,,,,2005,22,,,,
174000,2001,27,,,,,2005,27,,,,
174100,2003,1,2002.0,1.0,2001.0,31.0,2004,1,2005.0,30.0,,
174200,2001,30,,,,,2004,30,,,,
174300,2001,25,,,,,2005,25,,,,
174400,2001,27,,,,,2002,3,2005.0,27.0,,
174500,2001,31,,,,,2004,1,2005.0,30.0,,
174600,2001,28,,,,,2004,1,2005.0,27.0,,
174700,2003,2,2001.0,28.0,,,2004,28,,,,
174800,2001,28,,,,,2004,28,,,,
174900,2001,30,,,,,2003,4,2004.0,30.0,,
175000,2001,30,,,,,2004,28,,,,
175100,2001,25,,,,,2004,25,,,,
175200,2001,27,,,,,2003,1,2004.0,27.0,,
175300,2001,34,,,,,2004,28,,,,
175400,2001,28,,,,,2004,28,,,,
175500,2001,23,,,,,2004,23,,,,
175600,2003,1,2001.0,24.0,,,2004,24,,,,
175700,2001,24,,,,,2003,8,2004.0,2.0,2005.0,22.0
175800,2002,8,2001.0,25.0,,,2005,25,,,,
175900,2001,22,,,,,2005,22,,,,
176000,2001,26,,,,,2002,1,2003.0,4.0,2005.0,26.0
176100,2004,1,2001.0,26.0,,,2005,26,,,,
176200,2001,22,,,,,2005,22,,,,
176300,2002,7,2001.0,21.0,,,2005,21,,,,
176400,2002,2,2001.0,27.0,,,2005,27,,,,
176500,2002,5,2001.0,22.0,,,2005,23,,,,
176600,2002,32,,,,,2005,32,,,,
176700,2001,30,,,,,2003,8,2005.0,30.0,,
176800,2002,2,2001.0,27.0,,,2005,29,,,,
176900,2001,23,,,,,2002,2,2005.0,23.0,,
177000,2002,21,,,,,2004,4,2005.0,21.0,,
177100,2002,30,,,,,2004,1,2005.0,30.0,,
177200,2002,20,,,,,2005,21,,,,
177300,2002,27,,,,,2005,29,,,,
177400,2002,26,,,,,2005,23,,,,
177500,2002,27,,,,,2004,4,2005.0,27.0,,
177600,2002,22,,,,,2005,22,,,,
177700,2002,23,,,,,2005,23,,,,
177800,2002,20,,,,,2005,20,,,,
177900,2002,30,,,,,2005,30,,,,
178000,2002,25,,,,,2005,25,,,,
178100,2003,4,2002.0,22.0,,,2005,22,,,,
178200,2004,1,2002.0,34.0,,,2005,26,,,,
178300,2002,27,,,,,2005,27,,,,
178400,2002,23,,,,,2004,4,2006.0,23.0,,
178500,2002,24,,,,,2004,8,2006.0,24.0,,
178600,2002,22,,,,,2006,22,,,,
178700,2002,21,,,,,2003,7,2005.0,1.0,2006.0,20.0
178800,2002,25,,,,,2003,4,2005.0,25.0,,
178900,2002,20,,,,,2005,20,,,,
179000,2002,29,,,,,2005,29,,,,
179100,2002,30,,,,,2005,30,,,,
179200,2002,23,,,,,2005,23,,,,
179300,2002,23,,,,,2005,23,,,,
179400,2002,28,,,,,2005,20,,,,
179500,2004,1,2002.0,23.0,,,2005,23,,,,
179600,2002,15,,,,,2005,22,,,,
179700,2002,30,,,,,2005,30,,,,
179800,2002,26,,,,,2005,26,,,,
179900,2002,31,,,,,2005,31,,,,
180000,2002,22,,,,,2005,23,,,,
180100,2002,26,,,,,2005,26,,,,
180200,2002,24,,,,,2005,24,,,,
180300,2004,1,2002.0,29.0,,,2005,29,,,,
180400,2002,22,,,,,2005,22,,,,
180500,2002,22,,,,,2005,2,2006.0,21.0,,
180600,2002,25,,,,,2003,4,2005.0,25.0,,
180700,2002,26,,,,,2004,3,2005.0,1.0,2006.0,25.0
180800,2002,30,,,,,2005,1,2006.0,29.0,,
180900,2002,26,,,,,2005,23,,,,
181000,2002,27,,,,,2005,27,,,,
181100,2002,29,,,,,2005,29,,,,
181200,2004,1,2002.0,27.0,,,2005,27,,,,
181300,2002,32,,,,,2005,1,2006.0,28.0,,
181400,2002,24,,,,,2005,25,,,,
181500,2002,31,,,,,2005,29,,,,
181600,2002,28,,,,,2005,28,,,,
181700,2002,31,,,,,2005,26,,,,
181800,2002,27,,,,,2004,7,2005.0,27.0,,
181900,2002,22,,,,,2005,22,,,,
182000,2002,23,,,,,2005,23,,,,
182100,2002,31,,,,,2005,31,,,,
182200,2002,25,,,,,2005,25,,,,
182300,2002,29,,,,,2005,29,,,,
182400,2002,22,,,,,2005,25,,,,
182500,2002,35,,,,,2005,31,,,,
182600,2002,25,,,,,2005,25,,,,
182700,2002,27,,,,,2005,27,,,,
182800,2001,24,,,,,2003,5,2005.0,24.0,,
182900,2002,35,,,,,2005,28,,,,
183000,2002,1,2001.0,20.0,,,2003,3,2005.0,21.0,,
183100,2001,25,,,,,2005,25,,,,
183200,2002,21,,,,,2005,21,,,,
183300,2004,1,2002.0,30.0,,,2005,30,,,,
183400,2002,29,,,,,2005,30,,,,
183500,2002,29,,,,,2005,29,,,,
183600,2002,24,,,,,2005,24,,,,
183700,2002,31,,,,,2005,31,,,,
183800,2002,22,,,,,2004,3,2005.0,22.0,,
183900,2002,27,,,,,2005,27,,,,
184000,2004,9,2002.0,22.0,,,2005,22,,,,
184100,2002,26,,,,,2005,26,,,,
184200,2002,22,,,,,2004,1,2005.0,23.0,,
184300,2002,25,,,,,2004,5,2005.0,25.0,,
184400,2002,29,,,,,2005,29,,,,
184500,2002,28,,,,,2004,2,2005.0,28.0,,
184600,2002,26,,,,,2005,26,,,,
184700,2002,24,,,,,2005,24,,,,
184800,2003,2,2002.0,25.0,,,2004,5,2005.0,25.0,,
184900,2002,37,,,,,2005,29,,,,
185000,2002,29,,,,,2005,29,,,,
185100,2002,22,,,,,2005,22,,,,
185200,2002,32,,,,,2004,4,2005.0,32.0,,
185300,2002,25,,,,,2005,25,,,,
185400,2002,22,,,,,2005,22,,,,
185500,2002,37,,,,,2005,30,,,,
185600,2002,30,,,,,2005,30,,,,
185700,2002,25,,,,,2004,8,2005.0,25.0,,
185800,2002,1,2001.0,29.0,,,2005,30,,,,
185900,2002,31,,,,,2004,5,2005.0,31.0,,
186000,2002,30,,,,,2004,1,2005.0,30.0,,
186100,2002,26,,,,,2005,26,,,,
186200,2002,25,,,,,2005,25,,,,
186300,2002,25,,,,,2004,5,2005.0,25.0,,
186400,2002,30,,,,,2005,30,,,,
186500,2002,22,,,,,2004,2,2005.0,22.0,,
186600,2002,1,2001.0,21.0,,,2005,22,,,,
186700,2002,27,,,,,2005,27,,,,
186800,2002,30,,,,,2005,30,,,,
186900,2002,29,,,,,2005,29,,,,
187000,2002,22,,,,,2005,22,,,,
187100,2002,32,,,,,2005,32,,,,
187200,2002,24,,,,,2005,24,,,,
187300,2004,1,2002.0,24.0,,,2005,24,,,,
187400,2002,26,,,,,2005,22,,,,
187500,2004,8,2002.0,20.0,,,2005,20,,,,
187600,2002,24,,,,,2005,24,,,,
187700,2002,25,,,,,2004,5,2005.0,25.0,,
187800,2002,28,,,,,2005,28,,,,
187900,2002,29,,,,,2005,29,,,,
188000,2002,28,,,,,2005,22,,,,
188100,2002,32,,,,,2005,31,,,,
188200,2002,23,,,,,2005,23,,,,
188300,2001,28,,,,,2003,4,2005.0,28.0,,
188400,2001,26,,,,,2005,27,,,,
188500,2002,1,2001.0,21.0,,,2003,3,2005.0,22.0,,
188600,2001,23,,,,,2005,23,,,,
188700,2004,1,2002.0,9.0,2001.0,27.0,2005,29,,,,
188800,2003,3,2001.0,24.0,,,2005,24,,,,
188900,2004,1,2002.0,2.0,2001.0,21.0,2005,23,,,,
189000,2001,24,,,,,2005,24,,,,
189100,2002,6,2001.0,20.0,,,2005,22,,,,
189200,2002,2,2001.0,27.0,,,2005,29,,,,
189300,2002,33,,,,,2005,29,,,,
189400,2004,1,2002.0,1.0,2001.0,24.0,2005,25,,,,
189500,2002,31,,,,,2005,31,,,,
189600,2002,2,2001.0,28.0,,,2003,2,2005.0,30.0,,
189700,2002,4,2001.0,28.0,,,2005,28,,,,
189800,2004,1,2001.0,23.0,,,2005,23,,,,
189900,2002,31,,,,,2005,31,,,,
190000,2002,29,,,,,2005,29,,,,
190100,2002,30,,,,,2005,24,,,,
190200,2002,31,,,,,2005,31,,,,
190300,2002,22,,,,,2005,22,,,,
190400,2002,28,,,,,2005,28,,,,
190500,2002,21,,,,,2004,6,2005.0,21.0,,
190600,2002,23,,,,,2004,4,2005.0,23.0,,
190700,2002,23,,,,,2005,23,,,,
190800,2003,6,2002.0,26.0,,,2005,26,,,,
190900,2002,21,,,,,2005,21,,,,
191000,2002,23,,,,,2005,23,,,,
191100,2002,28,,,,,2005,28,,,,
191200,2002,21,,,,,2004,7,2005.0,21.0,,
191300,2002,40,,,,,2005,32,,,,
191400,2002,30,,,,,2005,29,,,,
191500,2002,21,,,,,2005,21,,,,
191600,2002,30,,,,,2005,31,,,,
191700,2002,21,,,,,2006,21,,,,
191800,2002,24,,,,,2005,1,2006.0,23.0,,
191900,2002,35,,,,,2005,27,,,,
192000,2004,4,2002.0,31.0,,,2005,31,,,,
192100,2002,27,,,,,2003,3,2005.0,27.0,,
192200,2004,1,2002.0,28.0,,,2005,21,,,,
192300,2002,24,,,,,2005,24,,,,
192400,2002,14,,,,,2005,22,,,,
192500,2002,32,,,,,2005,32,,,,
192600,2002,27,,,,,2005,27,,,,
192700,2002,26,,,,,2005,26,,,,
192800,2004,4,2002.0,28.0,,,2005,2,2006.0,26.0,,
192900,2002,23,,,,,2003,2,2006.0,23.0,,
193000,2002,26,,,,,2006,26,,,,
193100,2002,27,,,,,2003,3,2005.0,1.0,2006.0,27.0
193200,2002,25,,,,,2005,25,,,,
193300,2002,24,,,,,2005,2,2006.0,22.0,,
193400,2002,29,,,,,2006,29,,,,
193500,2002,22,,,,,2006,22,,,,
193600,2002,23,,,,,2004,3,2006.0,23.0,,
193700,2002,30,,,,,2006,30,,,,
193800,2002,29,,,,,2004,3,2006.0,29.0,,
193900,2002,21,,,,,2006,21,,,,
194000,2003,6,2002.0,31.0,,,2006,31,,,,
194100,2002,24,,,,,2006,24,,,,
194200,2002,20,,,,,2006,20,,,,
194300,2002,26,,,,,2006,26,,,,
194400,2002,28,,,,,2006,28,,,,
194500,2002,28,,,,,2006,28,,,,
194600,2002,25,,,,,2004,5,2006.0,25.0,,
194700,2002,23,,,,,2004,4,2006.0,23.0,,
194800,2005,1,2003.0,6.0,2002.0,29.0,2006,29,,,,
194900,2002,25,,,,,2004,1,2006.0,25.0,,
195000,2002,26,,,,,2004,8,2006.0,26.0,,
195100,2002,22,,,,,2006,22,,,,
195200,2002,24,,,,,2006,24,,,,
195300,2003,2,2002.0,22.0,,,2005,22,,,,
195400,2002,25,,,,,2005,25,,,,
195500,2002,25,,,,,2005,20,,,,
195600,2002,35,,,,,2003,3,2005.0,28.0,,
195700,2003,5,2002.0,25.0,,,2004,8,2006.0,25.0,,
195800,2002,27,,,,,2006,27,,,,
195900,2002,30,,,,,2004,6,2006.0,30.0,,
196000,2005,1,2002.0,20.0,,,2006,20,,,,
196100,2002,30,,,,,2004,5,2006.0,31.0,,
196200,2002,31,,,,,2006,31,,,,
196300,2002,23,,,,,2006,23,,,,
196400,2002,23,,,,,2006,24,,,,
196500,2002,32,,,,,2006,32,,,,
196600,2004,1,2002.0,22.0,,,2006,22,,,,
196700,2003,3,2002.0,29.0,,,2006,29,,,,
196800,2002,24,,,,,2003,5,2006.0,24.0,,
196900,2002,27,,,,,2006,27,,,,
197000,2002,24,,,,,2006,24,,,,
197100,2002,23,,,,,2006,23,,,,
197200,2002,30,,,,,2006,30,,,,
197300,2002,24,,,,,2004,1,2006.0,24.0,,
197400,2003,2,2002.0,21.0,,,2006,21,,,,
197500,2002,24,,,,,2006,24,,,,
197600,2003,7,2002.0,23.0,,,2006,23,,,,
197700,2003,1,2002.0,26.0,,,2004,6,2006.0,27.0,,
197800,2003,24,,,,,2006,24,,,,
197900,2003,25,,,,,2006,24,,,,
198000,2003,26,,,,,2005,1,2006.0,26.0,,
198100,2005,1,2003.0,26.0,,,2006,26,,,,
198200,2004,3,2003.0,21.0,,,2006,21,,,,
198300,2003,2,2002.0,20.0,,,2006,22,,,,
198400,2002,25,,,,,2004,2,2006.0,26.0,,
198500,2003,28,,,,,2006,28,,,,
198600,2003,26,,,,,2005,2,2006.0,26.0,,
198700,2003,24,,,,,2006,24,,,,
198800,2002,21,,,,,2004,8,2006.0,21.0,,
198900,2005,1,2002.0,22.0,,,2006,22,,,,
199000,2003,28,,,,,2006,24,,,,
199100,2003,26,,,,,2006,26,,,,
199200,2003,22,,,,,2005,3,2006.0,22.0,,
199300,2002,28,,,,,2006,28,,,,
199400,2003,7,2002.0,25.0,,,2006,26,,,,
199500,2002,30,,,,,2004,1,2006.0,30.0,,
199600,2002,23,,,,,2004,6,2006.0,23.0,,
199700,2003,28,,,,,2005,8,2006.0,28.0,,
199800,2003,24,,,,,2006,24,,,,
199900,2003,21,,,,,2005,1,2006.0,22.0,,
200000,2003,1,2002.0,22.0,,,2005,5,2006.0,23.0,,
200100,2003,1,2002.0,26.0,,,2004,12,2006.0,27.0,,
200200,2002,22,,,,,2006,22,,,,
200300,2003,1,2002.0,27.0,,,2006,28,,,,
200400,2003,1,2002.0,29.0,,,2006,30,,,,
200500,2003,2,2002.0,28.0,,,2006,30,,,,
200600,2003,2,2002.0,25.0,,,2006,27,,,,
200700,2002,27,,,,,2006,27,,,,
200800,2003,1,2002.0,24.0,,,2006,24,,,,
200900,2002,21,,,,,2006,21,,,,
201000,2003,1,2002.0,30.0,,,2006,31,,,,
201100,2003,33,,,,,2006,31,,,,
201200,2003,31,,,,,2006,25,,,,
201300,2003,25,,,,,2006,25,,,,
201400,2003,32,,,,,2006,32,,,,
201500,2003,23,,,,,2006,23,,,,
201600,2005,1,2003.0,31.0,,,2006,30,,,,
201700,2003,10,2002.0,29.0,,,2006,31,,,,
201800,2003,2,2002.0,22.0,,,2004,1,2006.0,24.0,,
201900,2002,27,,,,,2004,1,2006.0,27.0,,
202000,2003,1,2002.0,24.0,,,2006,25,,,,
202100,2005,1,2003.0,23.0,,,2006,23,,,,
202200,2003,29,,,,,2005,8,2006.0,29.0,,
202300,2003,32,,,,,2006,32,,,,
202400,2003,35,,,,,2006,29,,,,
202500,2003,27,,,,,2006,27,,,,
202600,2005,1,2004.0,2.0,2002.0,25.0,2006,25,,,,
202700,2003,31,,,,,2006,31,,,,
202800,2003,23,,,,,2006,23,,,,
202900,2003,1,2002.0,30.0,,,2006,31,,,,
203000,2003,1,2002.0,30.0,,,2004,7,2006.0,31.0,,
203100,2002,27,,,,,2006,27,,,,
203200,2002,23,,,,,2003,2,2006.0,23.0,,
203300,2002,22,,,,,2006,22,,,,
203400,2002,23,,,,,2006,23,,,,
203500,2003,2,2002.0,27.0,,,2006,29,,,,
203600,2003,20,,,,,2005,8,2006.0,22.0,,
203700,2003,2,2002.0,24.0,,,2006,26,,,,
203800,2003,28,,,,,2006,23,,,,
203900,2003,3,2002.0,26.0,,,2006,27,,,,
204000,2004,2,2002.0,22.0,,,2006,22,,,,
204100,2003,2,2002.0,30.0,,,2004,3,2006.0,32.0,,
204200,2004,4,2003.0,2.0,2002.0,30.0,2006,32,,,,
204300,2002,30,,,,,2006,30,,,,
204400,2003,23,,,,,2006,23,,,,
204500,2003,2,2002.0,28.0,,,2006,30,,,,
204600,2004,3,2003.0,8.0,2002.0,27.0,2006,28,,,,
204700,2003,2,2002.0,22.0,,,2006,24,,,,
204800,2002,30,,,,,2003,1,2006.0,30.0,,
204900,2004,1,2002.0,28.0,,,2006,28,,,,
205000,2002,22,,,,,2003,4,2005.0,1.0,2006.0,21.0
205100,2003,9,2002.0,27.0,,,2006,27,,,,
205200,2002,26,,,,,2005,2,2006.0,24.0,,
205300,2002,30,,,,,2005,30,,,,
205400,2002,22,,,,,2005,21,,,,
205500,2002,26,,,,,2005,25,,,,
205600,2002,28,,,,,2005,28,,,,
205700,2002,32,,,,,2005,28,,,,
205800,2002,26,,,,,2005,26,,,,
205900,2002,21,,,,,2005,21,,,,
206000,2002,27,,,,,2005,26,,,,
206100,2002,25,,,,,2005,25,,,,
206200,2002,21,,,,,2004,7,2005.0,21.0,,
206300,2002,19,,,,,2003,5,2005.0,20.0,,
206400,2002,20,,,,,2005,20,,,,
206500,2002,26,,,,,2004,7,2005.0,26.0,,
206600,2003,3,2002.0,27.0,,,2005,1,2006.0,26.0,,
206700,2002,26,,,,,2003,5,2004.0,6.0,2006.0,26.0
206800,2003,7,2002.0,31.0,,,2005,2,2006.0,29.0,,
206900,2002,29,,,,,2005,29,,,,
207000,2002,22,,,,,2005,2,2006.0,20.0,,
207100,2002,22,,,,,2006,22,,,,
207200,2002,20,,,,,2003,1,2006.0,20.0,,
207300,2003,24,,,,,2006,25,,,,
207400,2002,22,,,,,2004,8,2006.0,22.0,,
207500,2003,2,2002.0,21.0,,,2006,23,,,,
207600,2003,31,,,,,2006,31,,,,
207700,2005,1,2003.0,1.0,2002.0,25.0,2006,26,,,,
207800,2003,30,,,,,2006,23,,,,
207900,2003,32,,,,,2005,4,2006.0,32.0,,
208000,2003,22,,,,,2006,22,,,,
208100,2003,30,,,,,2006,28,,,,
208200,2005,1,2003.0,27.0,,,2006,27,,,,
208300,2003,21,,,,,2006,21,,,,
208400,2003,28,,,,,2005,3,2006.0,29.0,,
208500,2003,31,,,,,2006,31,,,,
208600,2003,27,,,,,2006,27,,,,
208700,2003,20,,,,,2006,20,,,,
208800,2003,22,,,,,2006,22,,,,
208900,2003,22,,,,,2004,6,2006.0,22.0,,
209000,2003,21,,,,,2006,21,,,,
209100,2003,28,,,,,2006,28,,,,
209200,2003,31,,,,,2006,25,,,,
209300,2003,21,,,,,2006,21,,,,
209400,2003,23,,,,,2006,23,,,,
209500,2003,24,,,,,2006,24,,,,
209600,2003,27,,,,,2005,1,2006.0,28.0,,
209700,2003,32,,,,,2004,5,2005.0,6.0,2006.0,2.0
209800,2004,5,2003.0,22.0,,,2005,1,2006.0,22.0,,
209900,2003,26,,,,,2005,1,2006.0,26.0,,
210000,2003,26,,,,,2004,3,2006.0,26.0,,
210100,2005,5,2003.0,21.0,,,2006,21,,,,
210200,2003,27,,,,,2006,27,,,,
210300,2003,26,,,,,2006,26,,,,
210400,2003,29,,,,,2006,29,,,,
210500,2005,1,2004.0,2.0,2003.0,25.0,2006,25,,,,
210600,2003,26,,,,,2006,26,,,,
210700,2003,26,,,,,2005,6,2006.0,26.0,,
210800,2003,29,,,,,2006,29,,,,
210900,2003,29,,,,,2006,30,,,,
211000,2004,6,2003.0,31.0,,,2006,2,2007.0,29.0,,
211100,2003,35,,,,,2006,29,,,,
211200,2003,37,,,,,2006,29,,,,
211300,2005,1,2003.0,25.0,,,2006,2,2007.0,23.0,,
211400,2003,27,,,,,2006,2,2007.0,26.0,,
211500,2003,29,,,,,2006,29,,,,
211600,2003,30,,,,,2006,2,2007.0,28.0,,
211700,2003,29,,,,,2006,29,,,,
211800,2003,20,,,,,2006,20,,,,
211900,2003,27,,,,,2006,27,,,,
212000,2003,22,,,,,2006,22,,,,
212100,2004,2,2003.0,26.0,,,2006,2,2007.0,24.0,,
212200,2004,25,,,,,2007,25,,,,
212300,2003,20,,,,,2005,3,2007.0,20.0,,
212400,2003,28,,,,,2006,1,2007.0,27.0,,
212500,2006,1,2003.0,22.0,,,2007,22,,,,
212600,2003,21,,,,,2007,21,,,,
212700,2004,2,2003.0,24.0,,,2007,26,,,,
212800,2003,23,,,,,2007,23,,,,
212900,2003,23,,,,,2007,23,,,,
213000,2003,21,,,,,2007,21,,,,
213100,2003,28,,,,,2007,28,,,,
213200,2003,26,,,,,2007,26,,,,
213300,2003,27,,,,,2005,2,2007.0,27.0,,
213400,2003,24,,,,,2006,2,2007.0,22.0,,
213500,2003,23,,,,,2006,1,2007.0,22.0,,
213600,2003,24,,,,,2007,24,,,,
213700,2004,1,2003.0,28.0,,,2007,29,,,,
213800,2003,32,,,,,2005,5,2007.0,32.0,,
213900,2004,4,2003.0,30.0,,,2007,30,,,,
214000,2004,2,2003.0,28.0,,,2007,30,,,,
214100,2003,27,,,,,2007,27,,,,
214200,2003,30,,,,,2007,30,,,,
214300,2004,1,2003.0,28.0,,,2007,29,,,,
214400,2004,2,2003.0,27.0,,,2005,3,2007.0,29.0,,
214500,2006,1,2003.0,24.0,,,2007,24,,,,
214600,2005,2,2003.0,23.0,,,2007,23,,,,
214700,2004,4,2003.0,32.0,,,2007,32,,,,
214800,2003,30,,,,,2005,3,2007.0,30.0,,
214900,2003,24,,,,,2004,1,2007.0,24.0,,
215000,2003,23,,,,,2006,1,2007.0,22.0,,
215100,2003,26,,,,,2007,26,,,,
215200,2004,2,2003.0,26.0,,,2005,5,2007.0,26.0,,
215300,2003,31,,,,,2007,31,,,,
215400,2003,26,,,,,2005,8,2007.0,26.0,,
215500,2003,24,,,,,2007,24,,,,
215600,2004,27,,,,,2007,27,,,,
215700,2004,27,,,,,2006,6,2007.0,1.0,2008.0,26.0
215800,2004,31,,,,,2008,31,,,,
215900,2004,21,,,,,2006,5,2008.0,21.0,,
216000,2005,22,,,,,2008,22,,,,
216100,2005,26,,,,,2008,26,,,,
216200,2005,21,,,,,2008,21,,,,
216300,2005,22,,,,,2008,21,,,,
216400,2006,1,2005.0,28.0,,,2009,28,,,,
216500,2006,1,2005.0,30.0,,,2009,32,,,,
216600,2005,27,,,,,2009,27,,,,
216700,2005,28,,,,,2008,29,,,,
216800,2005,30,,,,,2008,30,,,,
216900,2005,28,,,,,2007,7,2008.0,28.0,,
217000,2005,23,,,,,2008,23,,,,
217100,2005,26,,,,,2006,3,2009.0,26.0,,
217200,2008,1,2005.0,25.0,,,2009,25,,,,
217300,2007,1,2005.0,22.0,,,2009,22,,,,
217400,2005,31,,,,,2009,31,,,,
217500,2005,24,,,,,2008,24,,,,
217600,2005,22,,,,,2006,2,2008.0,1.0,2009.0,21.0
217700,2005,25,,,,,2008,1,2009.0,24.0,,
217800,2005,25,,,,,2009,25,,,,
217900,2006,6,2005.0,22.0,,,2009,22,,,,
218000,2005,25,,,,,2007,3,2009.0,25.0,,
218100,2005,28,,,,,2009,28,,,,
218200,2005,21,,,,,2009,21,,,,
218300,2005,22,,,,,2008,2,2009.0,20.0,,
218400,2007,1,2005.0,29.0,,,2008,29,,,,
218500,2005,23,,,,,2008,2,2009.0,21.0,,
218600,2005,27,,,,,2007,3,2009.0,27.0,,
218700,2005,24,,,,,2007,3,2009.0,24.0,,
218800,2005,28,,,,,2008,2,2009.0,26.0,,
218900,2005,22,,,,,2008,22,,,,
219000,2005,28,,,,,2008,26,,,,
219100,2005,27,,,,,2008,27,,,,
219200,2005,25,,,,,2008,25,,,,
219300,2005,20,,,,,2008,20,,,,
219400,2005,25,,,,,2008,25,,,,
219500,2007,1,2005.0,24.0,,,2008,24,,,,
219600,2007,1,2005.0,23.0,,,2008,23,,,,
219700,2007,6,2005.0,26.0,,,2008,26,,,,
219800,2005,31,,,,,2008,23,,,,
219900,2007,1,2006.0,3.0,2005.0,30.0,2009,30,,,,
220000,2005,30,,,,,2009,30,,,,
220100,2007,1,2005.0,27.0,,,2009,27,,,,
220200,2005,32,,,,,2008,2,2009.0,30.0,,
220300,2005,26,,,,,2007,5,2009.0,26.0,,
220400,2005,24,,,,,2007,6,2009.0,24.0,,
220500,2005,23,,,,,2007,5,2009.0,23.0,,
220600,2006,22,,,,,2009,22,,,,
220700,2006,2,2005.0,22.0,,,2007,6,2009.0,24.0,,
220800,2005,23,,,,,2006,1,2009.0,23.0,,
220900,2005,20,,,,,2009,20,,,,
221000,2005,26,,,,,2009,26,,,,
221100,2005,23,,,,,2009,23,,,,
221200,2006,6,2005.0,29.0,,,2009,29,,,,
221300,2006,3,2005.0,26.0,,,2009,26,,,,
221400,2005,25,,,,,2009,25,,,,
221500,2007,1,2005.0,30.0,,,2009,30,,,,
221600,2006,9,2005.0,29.0,,,2009,31,,,,
221700,2005,20,,,,,2007,7,2009.0,21.0,,
221800,2005,28,,,,,2007,6,2009.0,28.0,,
221900,2008,1,2006.0,1.0,2005.0,24.0,2009,25,,,,
222000,2005,22,,,,,2009,22,,,,
222100,2006,29,,,,,2009,29,,,,
222200,2006,32,,,,,2009,24,,,,
222300,2006,6,2005.0,30.0,,,2009,32,,,,
222400,2006,5,2005.0,24.0,,,2007,5,2009.0,25.0,,
222500,2006,24,,,,,2008,8,2009.0,24.0,,
222600,2008,1,2006.0,1.0,2005.0,20.0,2009,21,,,,
222700,2005,24,,,,,2007,4,2009.0,24.0,,
222800,2005,23,,,,,2009,23,,,,
222900,2005,29,,,,,2008,29,,,,
223000,2005,28,,,,,2008,28,,,,
223100,2005,22,,,,,2007,6,2009.0,22.0,,
223200,2005,23,,,,,2008,24,,,,
223300,2005,29,,,,,2008,29,,,,
223400,2007,1,2005.0,31.0,,,2008,31,,,,
223500,2005,22,,,,,2008,22,,,,
223600,2005,22,,,,,2007,8,2008.0,22.0,,
223700,2007,2,2005.0,23.0,,,2008,23,,,,
223800,2005,25,,,,,2008,25,,,,
223900,2005,21,,,,,2008,21,,,,
224000,2005,28,,,,,2008,28,,,,
224100,2005,2,2004.0,30.0,,,2008,32,,,,
224200,2004,23,,,,,2008,23,,,,
224300,2005,30,,,,,2008,30,,,,
224400,2004,30,,,,,2008,30,,,,
224500,2005,2,2004.0,24.0,,,2008,24,,,,
224600,2005,7,2004.0,26.0,,,2008,26,,,,
224700,2004,21,,,,,2008,21,,,,
224800,2004,28,,,,,2008,28,,,,
224900,2004,29,,,,,2005,1,2008.0,29.0,,
225000,2006,4,2004.0,29.0,,,2007,2,2008.0,27.0,,
225100,2005,5,2004.0,23.0,,,2007,2,2008.0,21.0,,
225200,2004,21,,,,,2007,21,,,,
225300,2004,24,,,,,2007,24,,,,
225400,2004,21,,,,,2007,21,,,,
225500,2004,24,,,,,2005,3,2007.0,24.0,,
225600,2004,23,,,,,2008,23,,,,
225700,2004,22,,,,,2008,22,,,,
225800,2004,28,,,,,2008,29,,,,
225900,2005,6,2004.0,25.0,,,2008,25,,,,
226000,2005,3,2004.0,30.0,,,2008,30,,,,
226100,2005,30,,,,,2008,30,,,,
226200,2005,31,,,,,2008,27,,,,
226300,2006,10,2004.0,20.0,,,2008,20,,,,
226400,2004,29,,,,,2008,29,,,,
226500,2005,23,,,,,2008,23,,,,
226600,2005,27,,,,,2008,27,,,,
226700,2005,20,,,,,2008,21,,,,
226800,2005,25,,,,,2006,4,2007.0,2.0,2008.0,25.0
226900,2005,23,,,,,2008,25,,,,
227000,2005,26,,,,,2008,24,,,,
227100,2005,37,,,,,2008,32,,,,
227200,2005,22,,,,,2008,22,,,,
227300,2005,1,2004.0,20.0,,,2008,21,,,,
227400,2006,4,2005.0,10.0,2004.0,23.0,2008,25,,,,
227500,2005,3,2004.0,22.0,,,2008,22,,,,
227600,2007,1,2005.0,1.0,2004.0,23.0,2008,24,,,,
227700,2004,22,,,,,2008,22,,,,
227800,2004,29,,,,,2007,2,2008.0,28.0,,
227900,2007,1,2004.0,32.0,,,2008,32,,,,
228000,2004,28,,,,,2008,28,,,,
228100,2005,28,,,,,2008,24,,,,
228200,2005,30,,,,,2008,30,,,,
228300,2005,1,2004.0,22.0,,,2008,23,,,,
228400,2005,1,2004.0,21.0,,,2008,22,,,,
228500,2005,2,2004.0,21.0,,,2008,21,,,,
228600,2005,20,,,,,2008,20,,,,
228700,2005,2,2004.0,30.0,,,2008,32,,,,
228800,2007,1,2005.0,7.0,2004.0,21.0,2008,21,,,,
228900,2004,26,,,,,2006,5,2008.0,26.0,,
229000,2004,23,,,,,2008,23,,,,
229100,2005,30,,,,,2008,30,,,,
229200,2005,22,,,,,2008,22,,,,
229300,2005,24,,,,,2008,24,,,,
229400,2005,21,,,,,2008,21,,,,
229500,2005,24,,,,,2007,8,2008.0,24.0,,
229600,2005,30,,,,,2008,1,2009.0,29.0,,
229700,2005,25,,,,,2009,25,,,,
229800,2005,22,,,,,2009,22,,,,
229900,2005,22,,,,,2009,22,,,,
230000,2006,32,,,,,2009,27,,,,
230100,2006,28,,,,,2009,28,,,,
230200,2006,30,,,,,2009,30,,,,
230300,2006,26,,,,,2009,26,,,,
230400,2006,21,,,,,2009,22,,,,
230500,2006,1,2005.0,30.0,,,2009,31,,,,
230600,2006,2,2005.0,27.0,,,2009,29,,,,
230700,2008,1,2006.0,28.0,,,2009,23,,,,
230800,2008,1,2006.0,26.0,,,2009,26,,,,
230900,2006,25,,,,,2009,25,,,,
231000,2006,28,,,,,2009,28,,,,
231100,2007,1,2005.0,27.0,,,2008,2,2009.0,25.0,,
231200,2005,25,,,,,2009,25,,,,
231300,2005,26,,,,,2009,26,,,,
231400,2006,3,2005.0,23.0,,,2008,23,,,,
231500,2005,31,,,,,2006,2,2008.0,31.0,,
231600,2005,25,,,,,2008,25,,,,
231700,2005,29,,,,,2008,26,,,,
231800,2005,27,,,,,2008,27,,,,
231900,2005,26,,,,,2008,26,,,,
232000,2005,32,,,,,2007,8,2008.0,32.0,,
232100,2005,22,,,,,2008,22,,,,
232200,2005,22,,,,,2008,22,,,,
232300,2005,26,,,,,2008,26,,,,
232400,2005,23,,,,,2008,23,,,,
232500,2005,28,,,,,2008,29,,,,
232600,2005,24,,,,,2008,24,,,,
232700,2005,22,,,,,2008,23,,,,
232800,2005,30,,,,,2007,8,2008.0,30.0,,
232900,2007,1,2005.0,27.0,,,2008,27,,,,
233000,2005,28,,,,,2008,28,,,,
233100,2005,24,,,,,2008,24,,,,
233200,2005,20,,,,,2007,7,2009.0,20.0,,
233300,2005,28,,,,,2008,28,,,,
233400,2005,29,,,,,2008,29,,,,
233500,2007,1,2005.0,29.0,,,2009,29,,,,
233600,2006,2,2005.0,29.0,,,2009,31,,,,
233700,2005,30,,,,,2009,30,,,,
233800,2005,26,,,,,2007,7,2009.0,26.0,,
233900,2005,25,,,,,2009,25,,,,
234000,2006,3,2005.0,29.0,,,2009,29,,,,
234100,2006,7,2005.0,20.0,,,2009,20,,,,
234200,2005,24,,,,,2008,24,,,,
234300,2005,28,,,,,2008,21,,,,
234400,2005,22,,,,,2008,1,2009.0,21.0,,
234500,2005,30,,,,,2009,30,,,,
234600,2006,2,2005.0,21.0,,,2009,23,,,,
234700,2007,2,2006.0,22.0,,,2009,22,,,,
234800,2006,29,,,,,2009,28,,,,
234900,2006,26,,,,,2009,26,,,,
235000,2006,22,,,,,2009,22,,,,
235100,2006,24,,,,,2009,24,,,,
235200,2006,25,,,,,2009,25,,,,
235300,2008,1,2007.0,4.0,2006.0,31.0,2009,31,,,,
235400,2008,1,2006.0,24.0,,,2009,24,,,,
235500,2006,27,,,,,2009,27,,,,
235600,2006,31,,,,,2009,24,,,,
235700,2006,20,,,,,2009,20,,,,
235800,2006,22,,,,,2009,25,,,,
235900,2006,1,2005.0,23.0,,,2007,6,2009.0,24.0,,
236000,2006,36,,,,,2009,29,,,,
236100,2006,30,,,,,2009,30,,,,
236200,2006,27,,,,,2010,27,,,,
236300,2006,28,,,,,2008,1,2010.0,28.0,,
236400,2006,27,,,,,2009,27,,,,
236500,2007,21,,,,,2010,22,,,,
236600,2009,1,2008.0,3.0,2007.0,27.0,2010,27,,,,
236700,2007,29,,,,,2009,7,2010.0,30.0,,
236800,2007,24,,,,,2010,24,,,,
236900,2006,31,,,,,2008,4,2010.0,31.0,,
237000,2006,26,,,,,2010,26,,,,
237100,2006,23,,,,,2010,23,,,,
237200,2006,22,,,,,2007,7,2008.0,4.0,2010.0,22.0
237300,2007,25,,,,,2010,25,,,,
237400,2007,32,,,,,2010,30,,,,
237500,2007,24,,,,,2010,24,,,,
237600,2007,28,,,,,2010,20,,,,
237700,2007,23,,,,,2010,21,,,,
237800,2007,24,,,,,2010,24,,,,
237900,2007,24,,,,,2010,24,,,,
238000,2007,35,,,,,2010,32,,,,
238100,2007,36,,,,,2010,29,,,,
238200,2007,32,,,,,2010,32,,,,
238300,2008,4,2007.0,21.0,,,2010,21,,,,
238400,2007,31,,,,,2010,31,,,,
238500,2007,30,,,,,2010,30,,,,
238600,2007,1,2006.0,20.0,,,2010,21,,,,
238700,2006,30,,,,,2008,7,2010.0,30.0,,
238800,2006,22,,,,,2009,22,,,,
238900,2006,28,,,,,2009,24,,,,
239000,2006,22,,,,,2009,22,,,,
239100,2006,24,,,,,2009,25,,,,
239200,2008,1,2006.0,27.0,,,2009,24,,,,
239300,2006,21,,,,,2008,3,2009.0,21.0,,
239400,2006,28,,,,,2008,7,2009.0,28.0,,
239500,2006,21,,,,,2009,21,,,,
239600,2006,28,,,,,2009,28,,,,
239700,2006,27,,,,,2009,27,,,,
239800,2005,26,,,,,2009,26,,,,
239900,2006,1,2005.0,30.0,,,2009,31,,,,
240000,2006,27,,,,,2009,27,,,,
240100,2006,2,2005.0,24.0,,,2008,1,2009.0,23.0,,
240200,2006,2,2005.0,20.0,,,2009,22,,,,
240300,2006,25,,,,,2009,25,,,,
240400,2006,1,2005.0,28.0,,,2009,29,,,,
240500,2005,30,,,,,2009,30,,,,
240600,2005,29,,,,,2009,29,,,,
240700,2005,31,,,,,2007,5,2009.0,31.0,,
240800,2005,23,,,,,2009,23,,,,
240900,2005,22,,,,,2008,22,,,,
241000,2005,29,,,,,2008,30,,,,
241100,2005,28,,,,,2007,8,2008.0,28.0,,
241200,2005,25,,,,,2008,26,,,,
241300,2005,23,,,,,2008,23,,,,
241400,2005,24,,,,,2007,2,2008.0,24.0,,
241500,2005,28,,,,,2008,29,,,,
241600,2005,24,,,,,2006,2,2008.0,24.0,,
241700,2005,22,,,,,2008,22,,,,
241800,2005,34,,,,,2008,26,,,,
241900,2005,23,,,,,2008,23,,,,
242000,2005,22,,,,,2008,22,,,,
242100,2005,26,,,,,2007,5,2008.0,26.0,,
242200,2005,27,,,,,2008,23,,,,
242300,2005,21,,,,,2008,21,,,,
242400,2005,23,,,,,2008,23,,,,
242500,2005,22,,,,,2008,21,,,,
242600,2007,1,2005.0,25.0,,,2008,25,,,,
242700,2005,21,,,,,2008,21,,,,
242800,2004,27,,,,,2008,27,,,,
242900,2005,2,2004.0,26.0,,,2006,6,2008.0,28.0,,
243000,2007,1,2005.0,6.0,2004.0,30.0,2008,30,,,,
243100,2006,1,2005.0,2.0,2004.0,24.0,2008,26,,,,
243200,2004,20,,,,,2005,3,2008.0,20.0,,
243300,2007,9,2005.0,21.0,,,2008,21,,,,
243400,2007,1,2005.0,25.0,,,2008,25,,,,
243500,2005,8,2004.0,25.0,,,2008,25,,,,
243600,2006,6,2004.0,28.0,,,2008,28,,,,
243700,2004,31,,,,,2007,31,,,,
243800,2004,27,,,,,2007,27,,,,
243900,2004,28,,,,,2008,28,,,,
244000,2004,27,,,,,2008,27,,,,
244100,2004,20,,,,,2007,20,,,,
244200,2006,1,2004.0,30.0,,,2007,30,,,,
244300,2004,23,,,,,2008,23,,,,
244400,2004,29,,,,,2008,29,,,,
244500,2004,24,,,,,2008,24,,,,
244600,2005,6,2004.0,30.0,,,2008,30,,,,
244700,2006,1,2004.0,29.0,,,2007,29,,,,
244800,2004,25,,,,,2007,1,2008.0,24.0,,
244900,2004,24,,,,,2005,4,2007.0,1.0,2008.0,23.0
245000,2005,30,,,,,2007,1,2008.0,30.0,,
245100,2005,28,,,,,2008,27,,,,
245200,2005,27,,,,,2008,28,,,,
245300,2005,24,,,,,2008,24,,,,
245400,2005,21,,,,,2008,21,,,,
245500,2005,34,,,,,2008,26,,,,
245600,2007,9,2005.0,24.0,,,2008,24,,,,
245700,2004,21,,,,,2008,21,,,,
245800,2005,32,,,,,2008,32,,,,
245900,2004,27,,,,,2008,27,,,,
246000,2005,28,,,,,2008,25,,,,
246100,2005,21,,,,,2008,21,,,,
246200,2005,27,,,,,2008,27,,,,
246300,2005,26,,,,,2007,5,2008.0,26.0,,
246400,2005,28,,,,,2008,28,,,,
246500,2005,21,,,,,2008,21,,,,
246600,2005,25,,,,,2008,25,,,,
246700,2005,23,,,,,2008,24,,,,
246800,2005,21,,,,,2006,4,2008.0,21.0,,
246900,2007,1,2005.0,23.0,,,2008,23,,,,
247000,2005,30,,,,,2008,29,,,,
247100,2005,28,,,,,2008,28,,,,
247200,2005,24,,,,,2008,24,,,,
247300,2005,30,,,,,2008,30,,,,
247400,2005,22,,,,,2008,22,,,,
247500,2005,24,,,,,2008,24,,,,
247600,2005,20,,,,,2007,3,2008.0,21.0,,
247700,2005,31,,,,,2008,25,,,,
247800,2005,26,,,,,2008,26,,,,
247900,2005,31,,,,,2008,31,,,,
248000,2005,26,,,,,2008,26,,,,
248100,2005,29,,,,,2008,29,,,,
248200,2005,32,,,,,2008,32,,,,
248300,2005,36,,,,,2008,32,,,,
248400,2005,24,,,,,2008,24,,,,
248500,2005,25,,,,,2006,2,2007.0,2.0,2008.0,25.0
248600,2006,4,2005.0,26.0,,,2007,1,2008.0,26.0,,
248700,2005,20,,,,,2008,30,,,,
248800,2005,24,,,,,2008,24,,,,
248900,2005,29,,,,,2008,29,,,,
249000,2005,23,,,,,2008,23,,,,
249100,2005,29,,,,,2008,29,,,,
249200,2006,4,2005.0,30.0,,,2008,30,,,,
249300,2005,21,,,,,2008,21,,,,
249400,2005,28,,,,,2008,29,,,,
249500,2005,26,,,,,2008,26,,,,
249600,2005,22,,,,,2008,22,,,,
249700,2005,2,2004.0,28.0,,,2008,30,,,,
249800,2005,2,2004.0,22.0,,,2006,3,2008.0,24.0,,
249900,2007,1,2004.0,30.0,,,2008,30,,,,
250000,2004,20,,,,,2006,2,2008.0,20.0,,
250100,2005,29,,,,,2008,29,,,,
250200,2007,1,2005.0,30.0,,,2008,30,,,,
250300,2005,33,,,,,2008,29,,,,
250400,2005,28,,,,,2008,23,,,,
250500,2005,21,,,,,2008,21,,,,
250600,2007,1,2005.0,20.0,,,2008,20,,,,
250700,2006,6,2005.0,30.0,,,2008,30,,,,
250800,2005,26,,,,,2008,26,,,,
250900,2005,26,,,,,2007,1,2008.0,26.0,,
251000,2005,25,,,,,2007,4,2008.0,25.0,,
251100,2005,31,,,,,2007,5,2008.0,31.0,,
251200,2005,33,,,,,2008,30,,,,
251300,2005,20,,,,,2008,21,,,,
251400,2005,23,,,,,2007,1,2008.0,23.0,,
251500,2005,28,,,,,2008,28,,,,
251600,2005,24,,,,,2007,2,2008.0,1.0,2009.0,23.0
251700,2005,31,,,,,2008,2,2009.0,29.0,,
251800,2005,29,,,,,2009,29,,,,
251900,2005,30,,,,,2006,8,2009.0,30.0,,
252000,2006,20,,,,,2008,6,2009.0,20.0,,
252100,2006,3,2005.0,25.0,,,2008,1,2009.0,24.0,,
252200,2006,8,2005.0,24.0,,,2009,26,,,,
252300,2005,22,,,,,2009,22,,,,
252400,2005,31,,,,,2006,2,2009.0,31.0,,
252500,2005,30,,,,,2008,1,2009.0,24.0,,
252600,2006,7,2005.0,28.0,,,2009,28,,,,
252700,2006,1,2005.0,30.0,,,2008,2,2009.0,28.0,,
252800,2005,32,,,,,2008,32,,,,
252900,2005,24,,,,,2007,6,2008.0,24.0,,
253000,2005,32,,,,,2008,27,,,,
253100,2005,30,,,,,2008,30,,,,
253200,2005,26,,,,,2008,26,,,,
253300,2005,29,,,,,2008,25,,,,
253400,2005,29,,,,,2008,29,,,,
253500,2005,21,,,,,2008,22,,,,
253600,2005,21,,,,,2008,21,,,,
253700,2005,30,,,,,2008,31,,,,
253800,2005,24,,,,,2007,7,2008.0,24.0,,
253900,2005,29,,,,,2008,29,,,,
254000,2005,21,,,,,2008,21,,,,
254100,2005,26,,,,,2007,8,2008.0,26.0,,
254200,2005,32,,,,,2007,3,2008.0,32.0,,
254300,2005,29,,,,,2007,7,2008.0,29.0,,
254400,2005,31,,,,,2006,3,2008.0,24.0,,
254500,2005,30,,,,,2008,30,,,,
254600,2005,35,,,,,2008,29,,,,
254700,2005,25,,,,,2009,25,,,,
254800,2005,29,,,,,2009,29,,,,
254900,2005,30,,,,,2009,30,,,,
255000,2005,20,,,,,2007,2,2009.0,21.0,,
255100,2005,29,,,,,2009,29,,,,
255200,2005,26,,,,,2009,26,,,,
255300,2005,26,,,,,2008,2,2009.0,24.0,,
255400,2005,30,,,,,2006,1,2009.0,30.0,,
255500,2006,29,,,,,2009,29,,,,
255600,2006,31,,,,,2008,5,2009.0,31.0,,
255700,2006,25,,,,,2008,8,2009.0,25.0,,
255800,2007,3,2006.0,22.0,,,2009,22,,,,
255900,2006,30,,,,,2008,7,2009.0,30.0,,
256000,2006,24,,,,,2008,7,2009.0,24.0,,
256100,2007,4,2006.0,24.0,,,2009,23,,,,
256200,2006,23,,,,,2009,23,,,,
256300,2006,26,,,,,2009,26,,,,
256400,2006,22,,,,,2009,22,,,,
256500,2006,30,,,,,2009,30,,,,
256600,2006,25,,,,,2009,25,,,,
256700,2006,25,,,,,2008,7,2009.0,25.0,,
256800,2006,23,,,,,2009,23,,,,
256900,2005,27,,,,,2007,6,2009.0,27.0,,
257000,2005,26,,,,,2009,26,,,,
257100,2008,1,2005.0,24.0,,,2009,24,,,,
257200,2005,28,,,,,2009,28,,,,
257300,2005,24,,,,,2009,24,,,,
257400,2005,29,,,,,2007,3,2009.0,29.0,,
257500,2006,26,,,,,2009,26,,,,
257600,2006,2,2005.0,30.0,,,2009,32,,,,
257700,2006,7,2005.0,29.0,,,2009,29,,,,
257800,2005,25,,,,,2009,25,,,,
257900,2005,23,,,,,2009,23,,,,
258000,2005,22,,,,,2007,6,2008.0,2.0,2009.0,20.0
258100,2005,28,,,,,2009,28,,,,
258200,2005,21,,,,,2009,21,,,,
258300,2006,7,2005.0,23.0,,,2009,23,,,,
258400,2007,9,2005.0,26.0,,,2009,26,,,,
258500,2005,30,,,,,2007,5,2008.0,2.0,2009.0,28.0
258600,2005,28,,,,,2009,28,,,,
258700,2005,28,,,,,2009,28,,,,
258800,2005,29,,,,,2009,29,,,,
258900,2005,21,,,,,2009,21,,,,
259000,2005,30,,,,,2007,7,2008.0,2.0,2009.0,28.0
259100,2005,24,,,,,2007,2,2009.0,24.0,,
259200,2005,24,,,,,2008,24,,,,
259300,2005,21,,,,,2008,1,2009.0,20.0,,
259400,2005,24,,,,,2007,7,2008.0,24.0,,
259500,2007,1,2005.0,22.0,,,2008,22,,,,
259600,2005,23,,,,,2008,1,2009.0,22.0,,
259700,2005,30,,,,,2007,3,2009.0,30.0,,
259800,2005,24,,,,,2006,9,2008.0,2.0,2009.0,22.0
259900,2005,20,,,,,2009,20,,,,
260000,2005,30,,,,,2007,6,2009.0,30.0,,
260100,2007,4,2005.0,21.0,,,2009,21,,,,
260200,2005,24,,,,,2009,24,,,,
260300,2005,22,,,,,2006,1,2009.0,22.0,,
260400,2006,6,2005.0,30.0,,,2008,1,2009.0,29.0,,
260500,2005,30,,,,,2006,5,2007.0,8.0,2008.0,30.0
260600,2005,30,,,,,2008,31,,,,
260700,2005,26,,,,,2006,4,2008.0,20.0,,
260800,2005,25,,,,,2008,2,2009.0,23.0,,
260900,2005,23,,,,,2008,23,,,,
261000,2005,28,,,,,2006,1,2008.0,28.0,,
261100,2005,30,,,,,2008,30,,,,
261200,2005,31,,,,,2008,26,,,,
261300,2005,35,,,,,2008,28,,,,
261400,2005,22,,,,,2008,22,,,,
261500,2006,2,2005.0,25.0,,,2009,25,,,,
261600,2005,26,,,,,2009,26,,,,
261700,2005,23,,,,,2007,6,2008.0,1.0,2009.0,22.0
261800,2005,32,,,,,2007,1,2009.0,32.0,,
261900,2005,30,,,,,2006,1,2007.0,8.0,2009.0,30.0
262000,2005,26,,,,,2009,26,,,,
262100,2006,2,2005.0,28.0,,,2009,30,,,,
262200,2006,2,2005.0,20.0,,,2009,20,,,,
262300,2006,26,,,,,2009,26,,,,
262400,2006,21,,,,,2009,21,,,,
262500,2006,28,,,,,2009,28,,,,
262600,2006,22,,,,,2009,21,,,,
262700,2006,29,,,,,2009,29,,,,
262800,2008,7,2006.0,30.0,,,2009,30,,,,
262900,2008,1,2006.0,26.0,,,2009,23,,,,
263000,2006,22,,,,,2009,22,,,,
263100,2006,23,,,,,2009,23,,,,
263200,2006,26,,,,,2009,26,,,,
263300,2006,22,,,,,2009,22,,,,
263400,2006,23,,,,,2009,23,,,,
263500,2006,2,2005.0,26.0,,,2007,2,2009.0,28.0,,
263600,2006,24,,,,,2008,4,2009.0,24.0,,
263700,2006,29,,,,,2009,30,,,,
263800,2006,20,,,,,2009,20,,,,
263900,2006,7,2005.0,26.0,,,2009,27,,,,
264000,2005,24,,,,,2009,24,,,,
264100,2006,2,2005.0,28.0,,,2009,30,,,,
264200,2006,17,,,,,2009,21,,,,
264300,2005,22,,,,,2007,6,2009.0,22.0,,
264400,2006,27,,,,,2009,27,,,,
264500,2005,27,,,,,2007,2,2009.0,27.0,,
264600,2005,26,,,,,2009,26,,,,
264700,2006,4,2005.0,24.0,,,2009,24,,,,
264800,2005,28,,,,,2007,7,2009.0,28.0,,
264900,2005,24,,,,,2009,24,,,,
265000,2006,30,,,,,2009,30,,,,
265100,2006,28,,,,,2009,29,,,,
265200,2006,1,2005.0,30.0,,,2009,31,,,,
265300,2006,29,,,,,2009,29,,,,
265400,2006,20,,,,,2009,20,,,,
265500,2006,19,,,,,2008,5,2009.0,23.0,,
265600,2007,3,2006.0,29.0,,,2009,29,,,,
265700,2006,23,,,,,2008,3,2009.0,23.0,,
265800,2006,3,2005.0,23.0,,,2009,25,,,,
265900,2008,1,2007.0,2.0,2006.0,23.0,2009,23,,,,
266000,2006,21,,,,,2008,2,2009.0,22.0,,
266100,2006,32,,,,,2009,32,,,,
266200,2006,28,,,,,2009,28,,,,
266300,2006,25,,,,,2009,26,,,,
266400,2006,26,,,,,2009,26,,,,
266500,2008,1,2006.0,28.0,,,2009,28,,,,
266600,2006,29,,,,,2009,29,,,,
266700,2006,26,,,,,2009,21,,,,
266800,2006,34,,,,,2009,27,,,,
266900,2008,1,2007.0,8.0,2006.0,27.0,2009,1,2010.0,26.0,,
267000,2006,29,,,,,2009,25,,,,
267100,2006,22,,,,,2009,2,2010.0,20.0,,
267200,2008,5,2007.0,30.0,,,2009,6,2010.0,30.0,,
267300,2007,31,,,,,2010,31,,,,
267400,2007,24,,,,,2009,4,2010.0,24.0,,
267500,2007,31,,,,,2010,31,,,,
267600,2007,26,,,,,2009,7,2010.0,26.0,,
267700,2007,29,,,,,2010,27,,,,
267800,2007,29,,,,,2010,29,,,,
267900,2007,27,,,,,2010,27,,,,
268000,2007,29,,,,,2010,29,,,,
268100,2007,28,,,,,2010,28,,,,
268200,2007,28,,,,,2010,28,,,,
268300,2009,1,2007.0,29.0,,,2010,28,,,,
268400,2007,26,,,,,2010,26,,,,
268500,2007,22,,,,,2010,22,,,,
268600,2007,27,,,,,2009,1,2010.0,27.0,,
268700,2007,33,,,,,2010,25,,,,
268800,2006,29,,,,,2007,2,2010.0,31.0,,
268900,2006,25,,,,,2010,25,,,,
269000,2006,25,,,,,2009,1,2010.0,24.0,,
269100,2006,38,,,,,2009,32,,,,
269200,2008,3,2006.0,21.0,,,2009,21,,,,
269300,2006,27,,,,,2008,8,2009.0,2.0,2010.0,25.0
269400,2006,32,,,,,2009,27,,,,
269500,2006,23,,,,,2009,23,,,,
269600,2006,22,,,,,2008,5,2009.0,22.0,,
269700,2005,27,,,,,2009,27,,,,
269800,2008,1,2006.0,35.0,,,2009,29,,,,
269900,2008,1,2006.0,28.0,,,2009,28,,,,
270000,2006,20,,,,,2009,20,,,,
270100,2006,21,,,,,2009,22,,,,
270200,2006,31,,,,,2009,27,,,,
270300,2006,30,,,,,2008,1,2009.0,31.0,,
270400,2005,22,,,,,2009,22,,,,
270500,2006,6,2005.0,29.0,,,2009,29,,,,
270600,2006,29,,,,,2008,7,2009.0,29.0,,
270700,2006,20,,,,,2009,21,,,,
270800,2006,30,,,,,2009,30,,,,
270900,2005,23,,,,,2009,23,,,,
271000,2006,4,2005.0,24.0,,,2009,24,,,,
271100,2008,1,2006.0,2.0,2005.0,24.0,2009,26,,,,
271200,2006,32,,,,,2009,32,,,,
271300,2005,26,,,,,2007,8,2009.0,26.0,,
271400,2006,1,2005.0,30.0,,,2007,6,2009.0,31.0,,
271500,2005,28,,,,,2007,6,2009.0,28.0,,
271600,2006,2,2005.0,20.0,,,2009,22,,,,
271700,2007,3,2005.0,28.0,,,2009,28,,,,
271800,2005,26,,,,,2009,26,,,,
271900,2005,26,,,,,2006,3,2008.0,1.0,2009.0,25.0
272000,2006,9,2005.0,26.0,,,2009,27,,,,
272100,2008,1,2006.0,29.0,,,2009,29,,,,
272200,2006,21,,,,,2009,22,,,,
272300,2006,22,,,,,2009,22,,,,
272400,2006,22,,,,,2009,22,,,,
272500,2006,1,2005.0,25.0,,,2009,26,,,,
272600,2005,21,,,,,2009,21,,,,
272700,2006,37,,,,,2009,29,,,,
272800,2006,21,,,,,2009,21,,,,
272900,2008,1,2006.0,27.0,,,2009,27,,,,
273000,2006,21,,,,,2009,21,,,,
273100,2005,27,,,,,2007,4,2009.0,27.0,,
273200,2005,26,,,,,2009,26,,,,
273300,2006,8,2005.0,26.0,,,2009,26,,,,
273400,2005,30,,,,,2009,30,,,,
273500,2006,4,2005.0,32.0,,,2009,32,,,,
273600,2006,2,2005.0,29.0,,,2009,31,,,,
273700,2008,1,2006.0,2.0,2005.0,29.0,2009,31,,,,
273800,2006,4,2005.0,26.0,,,2009,27,,,,
273900,2005,30,,,,,2009,30,,,,
274000,2006,2,2005.0,27.0,,,2009,27,,,,
274100,2005,28,,,,,2007,6,2009.0,28.0,,
274200,2005,30,,,,,2007,6,2009.0,30.0,,
274300,2005,27,,,,,2009,27,,,,
274400,2006,6,2005.0,26.0,,,2009,26,,,,
274500,2008,1,2006.0,22.0,,,2009,22,,,,
274600,2006,2,2005.0,20.0,,,2009,22,,,,
274700,2007,3,2005.0,30.0,,,2009,30,,,,
274800,2005,26,,,,,2006,9,2009.0,26.0,,
274900,2005,27,,,,,2009,27,,,,
275000,2008,1,2005.0,27.0,,,2009,27,,,,
275100,2005,20,,,,,2009,20,,,,
275200,2005,30,,,,,2009,30,,,,
275300,2005,30,,,,,2006,4,2009.0,30.0,,
275400,2007,2,2005.0,30.0,,,2009,30,,,,
275500,2005,27,,,,,2009,27,,,,
275600,2005,20,,,,,2009,20,,,,
275700,2005,25,,,,,2009,25,,,,
275800,2006,4,2005.0,30.0,,,2009,30,,,,
275900,2006,2,2005.0,28.0,,,2008,2,2009.0,26.0,,
276000,2005,26,,,,,2007,1,2008.0,26.0,,
276100,2005,28,,,,,2007,3,2008.0,1.0,2009.0,27.0
276200,2005,23,,,,,2009,23,,,,
276300,2006,6,2005.0,26.0,,,2008,26,,,,
276400,2005,27,,,,,2008,27,,,,
276500,2005,22,,,,,2008,22,,,,
276600,2005,27,,,,,2008,27,,,,
276700,2005,27,,,,,2008,27,,,,
276800,2005,28,,,,,2007,3,2008.0,28.0,,
276900,2007,1,2005.0,31.0,,,2008,31,,,,
277000,2005,27,,,,,2008,28,,,,
277100,2005,28,,,,,2008,28,,,,
277200,2005,28,,,,,2008,28,,,,
277300,2005,27,,,,,2008,24,,,,
277400,2005,24,,,,,2008,24,,,,
277500,2005,25,,,,,2008,25,,,,
277600,2005,27,,,,,2008,27,,,,
277700,2005,22,,,,,2008,22,,,,
277800,2005,21,,,,,2006,5,2008.0,21.0,,
277900,2005,24,,,,,2008,24,,,,
278000,2005,29,,,,,2006,4,2008.0,23.0,,
278100,2005,19,,,,,2009,20,,,,
278200,2005,24,,,,,2009,25,,,,
278300,2005,29,,,,,2007,7,2009.0,29.0,,
278400,2005,23,,,,,2009,23,,,,
278500,2005,31,,,,,2008,1,2009.0,30.0,,
278600,2005,22,,,,,2009,22,,,,
278700,2006,2,2005.0,24.0,,,2009,24,,,,
278800,2005,29,,,,,2009,29,,,,
278900,2006,4,2005.0,21.0,,,2009,23,,,,
279000,2006,1,2005.0,20.0,,,2009,21,,,,
279100,2006,4,2005.0,26.0,,,2009,26,,,,
279200,2006,5,2005.0,29.0,,,2009,29,,,,
279300,2005,26,,,,,2007,2,2009.0,27.0,,
279400,2006,2,2005.0,27.0,,,2009,29,,,,
279500,2005,29,,,,,2009,29,,,,
279600,2005,31,,,,,2009,31,,,,
279700,2006,1,2005.0,25.0,,,2009,26,,,,
279800,2006,3,2005.0,27.0,,,2009,29,,,,
279900,2006,1,2005.0,29.0,,,2009,30,,,,
280000,2006,27,,,,,2009,27,,,,
280100,2006,32,,,,,2009,32,,,,
280200,2005,24,,,,,2006,3,2009.0,24.0,,
280300,2006,6,2005.0,29.0,,,2009,29,,,,
280400,2006,2,2005.0,27.0,,,2009,29,,,,
280500,2005,30,,,,,2006,1,2009.0,30.0,,
280600,2006,23,,,,,2009,23,,,,
280700,2006,25,,,,,2009,25,,,,
280800,2006,28,,,,,2009,28,,,,
280900,2007,4,2006.0,27.0,,,2008,4,2009.0,27.0,,
281000,2006,21,,,,,2009,21,,,,
281100,2006,31,,,,,2009,31,,,,
281200,2006,32,,,,,2009,32,,,,
281300,2006,22,,,,,2009,22,,,,
281400,2006,25,,,,,2007,2,2009.0,25.0,,
281500,2006,30,,,,,2009,28,,,,
281600,2006,29,,,,,2009,29,,,,
281700,2006,5,2005.0,26.0,,,2009,26,,,,
281800,2005,25,,,,,2009,25,,,,
281900,2006,1,2005.0,27.0,,,2009,28,,,,
282000,2006,2,2005.0,21.0,,,2007,5,2009.0,23.0,,
282100,2006,3,2005.0,23.0,,,2009,25,,,,
282200,2006,5,2005.0,25.0,,,2009,25,,,,
282300,2005,23,,,,,2009,23,,,,
282400,2006,8,2005.0,27.0,,,2009,27,,,,
282500,2005,26,,,,,2009,26,,,,
282600,2005,27,,,,,2009,27,,,,
282700,2008,1,2005.0,20.0,,,2009,20,,,,
282800,2006,9,2005.0,20.0,,,2009,22,,,,
282900,2006,2,2005.0,29.0,,,2009,31,,,,
283000,2006,1,2005.0,29.0,,,2009,30,,,,
