timestamp,bid_price_1,bid_volume_1,bid_price_2,bid_volume_2,bid_price_3,bid_volume_3,ask_price_1,ask_volume_1,ask_price_2,ask_volume_2,ask_price_3,ask_volume_3
0,1998,26,,,,,2002,26,,,,
100,1999,5,1998.0,26.0,,,2001,20,,,,
200,1997,31,,,,,2000,1,2001.0,30.0,,
300,1997,27,,,,,2000,27,,,,
400,1996,20,,,,,2000,20,,,,
500,1999,1,1997.0,30.0,,,2000,30,,,,
600,1997,30,,,,,2001,30,,,,
700,1999,28,,,,,2002,28,,,,
800,2002,1,1999.0,23.0,,,2003,23,,,,
900,1999,2,1998.0,30.0,,,2001,30,,,,
1000,1999,24,,,,,2001,8,2002.0,24.0,,
1100,1999,25,,,,,2001,3,2002.0,26.0,,
1200,1998,28,,,,,2002,28,,,,
1300,1999,3,1998.0,23.0,,,2001,23,,,,
1400,1996,26,,,,,1998,2,2000.0,26.0,,
1500,1997,2,1996.0,25.0,,,2000,27,,,,
1600,1997,24,,,,,2001,24,,,,
1700,1998,28,,,,,2000,2,2001.0,28.0,,
1800,1997,24,,,,,1999,1,2001.0,24.0,,
1900,2001,1,1999.0,26.0,,,2002,26,,,,
2000,1999,31,,,,,2001,2,2002.0,31.0,,
2100,2001,4,1999.0,22.0,,,2002,22,,,,
2200,1999,26,,,,,2002,26,,,,
2300,1998,30,,,,,2001,30,,,,
2400,1999,30,,,,,2002,30,,,,
2500,1999,21,,,,,2003,21,,,,
2600,2000,28,,,,,2003,22,,,,
2700,2000,27,,,,,2002,4,2003.0,27.0,,
2800,2000,28,,,,,2003,28,,,,
2900,2001,30,,,,,2004,30,,,,
3000,2001,28,,,,,2004,28,,,,
3100,2002,1,2000.0,26.0,,,2003,25,,,,
3200,1999,28,,,,,2002,28,,,,
3300,1999,26,,,,,2002,20,,,,
3400,2000,3,1999.0,23.0,,,2003,23,,,,
3500,2001,1,1999.0,31.0,,,2002,31,,,,
3600,2000,26,,,,,2004,26,,,,
3700,2000,2,1999.0,25.0,,,2003,27,,,,
3800,2001,2,2000.0,27.0,,,2004,27,,,,
3900,1999,26,,,,,2001,1,2003.0,26.0,,
4000,2000,31,,,,,2003,27,,,,
4100,1999,28,,,,,2001,5,2003.0,28.0,,
4200,1999,24,,,,,2002,25,,,,
4300,1999,26,,,,,2002,26,,,,
4400,1998,29,,,,,2000,2,2001.0,29.0,,
4500,1998,30,,,,,2001,30,,,,
4600,1998,31,,,,,2002,31,,,,
4700,1996,30,,,,,1999,30,,,,
4800,1998,26,,,,,2001,26,,,,
4900,1997,2,1996.0,22.0,,,2000,24,,,,
5000,1997,21,,,,,1998,3,2001.0,21.0,,
5100,1997,31,,,,,2001,31,,,,
5200,1998,27,,,,,2001,27,,,,
5300,1998,23,,,,,2001,1,2002.0,22.0,,
5400,1999,30,,,,,2002,30,,,,
5500,2001,4,1999.0,31.0,,,2002,30,,,,
5600,2000,6,1998.0,32.0,,,2002,32,,,,
5700,1997,29,,,,,1998,4,2000.0,29.0,,
5800,1996,28,,,,,1999,28,,,,
5900,1995,29,,,,,1999,29,,,,
6000,1995,23,,,,,1998,23,,,,
6100,1995,27,,,,,1999,27,,,,
6200,1996,10,1995.0,23.0,,,1999,25,,,,
6300,1997,26,,,,,2001,26,,,,
6400,1999,26,,,,,2000,1,2003.0,26.0,,
6500,2000,22,,,,,2003,22,,,,
6600,1999,24,,,,,2003,25,,,,
6700,2001,24,,,,,2004,28,,,,
6800,2002,8,2001.0,24.0,,,2005,24,,,,
6900,2001,28,,,,,2004,28,,,,
7000,1999,24,,,,,2001,5,2003.0,24.0,,
7100,1999,26,,,,,2000,5,2003.0,26.0,,
7200,2000,1,1999.0,26.0,,,2003,27,,,,
7300,2000,27,,,,,2003,28,,,,
7400,2003,1,2001.0,28.0,,,2005,28,,,,
7500,2003,1,2002.0,25.0,,,2006,26,,,,
7600,2003,30,,,,,2006,30,,,,
7700,2002,26,,,,,2005,26,,,,
7800,2004,1,2002.0,22.0,,,2006,22,,,,
7900,2004,1,2003.0,29.0,,,2007,30,,,,
8000,2003,24,,,,,2006,24,,,,
8100,2002,21,,,,,2005,21,,,,
8200,2002,1,2000.0,30.0,,,2004,30,,,,
8300,2002,2,2001.0,29.0,,,2004,2,2005.0,27.0,,
8400,2002,25,,,,,2005,25,,,,
8500,2002,1,2001.0,23.0,,,2003,2,2005.0,24.0,,
8600,2003,28,,,,,2006,28,,,,
8700,2004,9,2003.0,8.0,2002.0,22.0,2006,24,,,,
8800,2004,1,2002.0,20.0,,,2005,20,,,,
8900,2002,28,,,,,2005,27,,,,
9000,2002,31,,,,,2004,7,2005.0,31.0,,
9100,2002,24,,,,,2006,24,,,,
9200,2002,28,,,,,2005,28,,,,
9300,2004,5,2002.0,28.0,,,2006,28,,,,
9400,2002,27,,,,,2004,7,2005.0,27.0,,
9500,2001,29,,,,,2004,25,,,,
9600,2002,3,2001.0,35.0,,,2004,31,,,,
9700,2001,30,,,,,2004,30,,,,
9800,2002,32,,,,,2005,25,,,,
9900,2002,27,,,,,2004,1,2006.0,27.0,,
10000,2002,31,,,,,2005,31,,,,
10100,2003,6,2002.0,25.0,,,2006,25,,,,
10200,2003,30,,,,,2007,30,,,,
10300,2006,1,2004.0,23.0,,,2007,23,,,,
10400,2004,23,,,,,2007,23,,,,
10500,2004,20,,,,,2008,20,,,,
10600,2004,30,,,,,2006,4,2007.0,30.0,,
10700,2004,29,,,,,2007,29,,,,
10800,2003,24,,,,,2006,24,,,,
10900,2004,22,,,,,2007,22,,,,
11000,2004,27,,,,,2007,27,,,,
11100,2004,29,,,,,2007,29,,,,
11200,2003,21,,,,,2006,21,,,,
11300,2003,22,,,,,2006,23,,,,
11400,2002,29,,,,,2006,30,,,,
11500,2003,24,,,,,2006,24,,,,
11600,2002,30,,,,,2005,30,,,,
11700,2003,23,,,,,2006,23,,,,
11800,2003,31,,,,,2007,31,,,,
11900,2004,1,2003.0,22.0,,,2007,23,,,,
12000,2003,28,,,,,2006,30,,,,
12100,2003,7,2002.0,21.0,,,2006,21,,,,
12200,2001,23,,,,,2004,23,,,,
12300,2002,28,,,,,2005,28,,,,
12400,2001,25,,,,,2004,25,,,,
12500,2002,2,2001.0,28.0,,,2005,29,,,,
12600,2000,27,,,,,2004,27,,,,
12700,2002,23,,,,,2005,23,,,,
12800,2001,20,,,,,2005,20,,,,
12900,2003,1,2001.0,20.0,,,2004,20,,,,
13000,2002,2,2000.0,31.0,,,2003,31,,,,
13100,1999,6,1998.0,1.0,1997.0,21.0,2001,22,,,,
13200,1995,23,,,,,1999,23,,,,
13300,1996,29,,,,,1999,29,,,,
13400,1995,28,,,,,1999,28,,,,
13500,1997,26,,,,,1999,4,2000.0,27.0,,
13600,1999,3,1998.0,24.0,,,2001,24,,,,
13700,1995,21,,,,,1999,21,,,,
13800,1995,22,,,,,1998,22,,,,
13900,1996,21,,,,,1999,21,,,,
14000,1997,25,,,,,2001,25,,,,
14100,1998,27,,,,,2001,27,,,,
14200,1995,2,1994.0,23.0,,,1998,25,,,,
14300,1994,24,,,,,1997,25,,,,
14400,1995,20,,,,,1998,20,,,,
14500,1996,1,1995.0,30.0,,,1999,31,,,,
14600,1996,21,,,,,1999,21,,,,
14700,1997,20,,,,,1999,4,2001.0,20.0,,
14800,1996,33,,,,,1999,30,,,,
14900,1998,1,1997.0,29.0,,,2001,29,,,,
15000,1998,23,,,,,2001,23,,,,
15100,1997,29,,,,,2001,29,,,,
15200,1998,28,,,,,2001,28,,,,
15300,1997,26,,,,,2000,26,,,,
15400,1996,22,,,,,1999,22,,,,
15500,1997,25,,,,,1999,1,2001.0,25.0,,
15600,1999,25,,,,,2002,25,,,,
15700,1997,31,,,,,2001,31,,,,
15800,1998,21,,,,,2001,21,,,,
15900,1997,26,,,,,2000,26,,,,
16000,1996,22,,,,,1998,8,1999.0,22.0,,
16100,1997,1,1995.0,27.0,,,1998,27,,,,
16200,1996,4,1995.0,35.0,,,1998,30,,,,
16300,1995,30,,,,,1998,30,,,,
16400,1994,29,,,,,1995,6,1997.0,29.0,,
16500,1994,27,,,,,1997,27,,,,
16600,1994,23,,,,,1998,23,,,,
16700,1994,24,,,,,1998,24,,,,
16800,1994,21,,,,,1997,21,,,,
16900,1994,26,,,,,1997,26,,,,
17000,1993,29,,,,,1997,29,,,,
17100,1993,25,,,,,1997,25,,,,
17200,1994,20,,,,,1997,30,,,,
17300,1995,25,,,,,1998,25,,,,
17400,1995,26,,,,,1999,26,,,,
17500,1996,3,1995.0,22.0,,,1998,1,1999.0,21.0,,
17600,1994,31,,,,,1998,31,,,,
17700,1994,28,,,,,1997,28,,,,
17800,1995,30,,,,,1998,30,,,,
17900,1994,22,,,,,1997,22,,,,
18000,1995,3,1994.0,30.0,,,1997,30,,,,
18100,1994,26,,,,,1997,27,,,,
18200,1994,37,,,,,1997,29,,,,
18300,1993,27,,,,,1995,8,1996.0,27.0,,
18400,1993,21,,,,,1997,21,,,,
18500,1993,26,,,,,1995,7,1997.0,26.0,,
18600,1993,30,,,,,1996,1,1997.0,30.0,,
18700,1995,3,1994.0,10.0,1993.0,30.0,1997,32,,,,
18800,1994,26,,,,,1997,26,,,,
18900,1994,25,,,,,1996,5,1997.0,25.0,,
19000,1995,24,,,,,1998,24,,,,
19100,1994,24,,,,,1996,8,1998.0,24.0,,
19200,1993,23,,,,,1996,24,,,,
19300,1994,31,,,,,1997,31,,,,
19400,1993,22,,,,,1997,23,,,,
19500,1994,2,1993.0,29.0,,,1997,31,,,,
19600,1995,22,,,,,1998,22,,,,
19700,1995,26,,,,,1998,26,,,,
19800,1995,23,,,,,1998,23,,,,
19900,1995,2,1994.0,24.0,,,1998,26,,,,
20000,1994,28,,,,,1998,28,,,,
20100,1994,30,,,,,1996,7,1997.0,30.0,,
20200,1995,29,,,,,1998,28,,,,
20300,1996,1,1994.0,26.0,,,1997,25,,,,
20400,1993,25,,,,,1997,25,,,,
20500,1993,25,,,,,1995,7,1996.0,1.0,1997.0,24.0
20600,1994,21,,,,,1997,21,,,,
20700,1995,23,,,,,1998,1,1999.0,22.0,,
20800,1995,7,1994.0,21.0,,,1998,23,,,,
20900,1993,30,,,,,1997,30,,,,
21000,1992,29,,,,,1995,29,,,,
21100,1992,23,,,,,1995,23,,,,
21200,1991,28,,,,,1994,28,,,,
21300,1992,2,1991.0,27.0,,,1995,29,,,,
21400,1991,23,,,,,1993,6,1995.0,23.0,,
21500,1992,26,,,,,1995,26,,,,
21600,1991,23,,,,,1993,8,1994.0,23.0,,
21700,1990,22,,,,,1993,22,,,,
21800,1991,27,,,,,1993,5,1994.0,27.0,,
21900,1990,21,,,,,1994,21,,,,
22000,1990,24,,,,,1994,24,,,,
22100,1992,2,1991.0,26.0,,,1995,26,,,,
22200,1991,27,,,,,1995,27,,,,
22300,1991,27,,,,,1992,1,1995.0,27.0,,
22400,1995,1,1993.0,29.0,,,1996,29,,,,
22500,1994,5,1993.0,29.0,,,1997,30,,,,
22600,1994,20,,,,,1996,7,1997.0,22.0,,
22700,1994,35,,,,,1997,27,,,,
22800,1994,22,,,,,1997,22,,,,
22900,1994,22,,,,,1995,2,1998.0,22.0,,
23000,1994,26,,,,,1997,26,,,,
23100,1994,22,,,,,1996,2,1997.0,1.0,1998.0,21.0
23200,1995,29,,,,,1998,29,,,,
23300,1996,4,1995.0,27.0,,,1998,22,,,,
23400,1994,21,,,,,1998,21,,,,
23500,1994,22,,,,,1997,22,,,,
23600,1995,4,1994.0,23.0,,,1997,1,1998.0,22.0,,
23700,1995,27,,,,,1997,1,1998.0,27.0,,
23800,1994,2,1993.0,27.0,,,1997,29,,,,
23900,1992,23,,,,,1996,23,,,,
24000,1994,2,1992.0,26.0,,,1995,26,,,,
24100,1993,31,,,,,1996,31,,,,
24200,1992,32,,,,,1994,5,1995.0,2.0,1996.0,30.0
24300,1992,29,,,,,1996,29,,,,
24400,1992,33,,,,,1995,29,,,,
24500,1994,1,1992.0,22.0,,,1995,22,,,,
24600,1991,30,,,,,1994,30,,,,
24700,1990,27,,,,,1992,8,1994.0,27.0,,
24800,1989,23,,,,,1993,23,,,,
24900,1989,28,,,,,1992,2,1993.0,26.0,,
25000,1989,24,,,,,1993,24,,,,
25100,1992,1,1989.0,24.0,,,1993,24,,,,
25200,1989,26,,,,,1992,1,1993.0,25.0,,
25300,1991,23,,,,,1993,2,1995.0,23.0,,
25400,1993,22,,,,,1996,22,,,,
25500,1992,31,,,,,1995,31,,,,
25600,1991,31,,,,,1993,5,1995.0,31.0,,
25700,1992,30,,,,,1995,30,,,,
25800,1992,3,1991.0,24.0,,,1995,24,,,,
25900,1991,25,,,,,1993,1,1994.0,25.0,,
26000,1992,2,1991.0,24.0,,,1995,26,,,,
26100,1991,23,,,,,1995,23,,,,
26200,1992,1,1990.0,30.0,,,1993,30,,,,
26300,1992,27,,,,,1994,1,1995.0,28.0,,
26400,1991,23,,,,,1995,24,,,,
26500,1991,26,,,,,1994,26,,,,
26600,1992,23,,,,,1995,23,,,,
26700,1995,2,1994.0,23.0,,,1996,3,1997.0,23.0,,
26800,1996,1,1994.0,22.0,,,1997,22,,,,
26900,1994,26,,,,,1997,26,,,,
27000,1992,17,,,,,1995,21,,,,
27100,1991,30,,,,,1995,30,,,,
27200,1991,27,,,,,1993,4,1994.0,28.0,,
27300,1991,30,,,,,1995,30,,,,
27400,1992,23,,,,,1993,6,1995.0,23.0,,
27500,1992,28,,,,,1995,28,,,,
27600,1992,30,,,,,1994,1,1995.0,30.0,,
27700,1993,3,1992.0,27.0,,,1995,27,,,,
27800,1993,24,,,,,1996,24,,,,
27900,1992,23,,,,,1995,23,,,,
28000,1993,29,,,,,1996,29,,,,
28100,1993,24,,,,,1994,5,1996.0,24.0,,
28200,1994,3,1993.0,23.0,,,1997,25,,,,
28300,1992,27,,,,,1994,7,1996.0,27.0,,
28400,1992,25,,,,,1996,25,,,,
28500,1992,27,,,,,1996,27,,,,
28600,1992,26,,,,,1995,2,1996.0,24.0,,
28700,1993,34,,,,,1996,32,,,,
28800,1995,1,1993.0,29.0,,,1996,29,,,,
28900,1993,22,,,,,1996,22,,,,
29000,1992,26,,,,,1995,26,,,,
29100,1992,30,,,,,1995,22,,,,
29200,1994,2,1992.0,30.0,,,1995,30,,,,
29300,1993,3,1992.0,23.0,,,1996,23,,,,
29400,1991,25,,,,,1995,25,,,,
29500,1990,31,,,,,1993,31,,,,
29600,1990,24,,,,,1994,24,,,,
29700,1990,1,1989.0,29.0,,,1993,30,,,,
29800,1989,22,,,,,1992,2,1993.0,20.0,,
29900,1989,29,,,,,1991,1,1993.0,29.0,,
30000,1987,28,,,,,1990,28,,,,
30100,1987,6,1986.0,7.0,1985.0,21.0,1989,21,,,,
30200,1986,28,,,,,1989,28,,,,
30300,1988,1,1986.0,32.0,,,1989,30,,,,
30400,1986,29,,,,,1989,30,,,,
30500,1985,20,,,,,1989,20,,,,
30600,1985,30,,,,,1989,30,,,,
30700,1985,25,,,,,1989,25,,,,
30800,1984,30,,,,,1988,30,,,,
30900,1984,28,,,,,1987,29,,,,
31000,1985,2,1984.0,28.0,,,1986,2,1988.0,30.0,,
31100,1985,25,,,,,1987,4,1989.0,25.0,,
31200,1983,20,,,,,1985,1,1986.0,26.0,,
31300,1984,1,1982.0,23.0,,,1985,1,1986.0,22.0,,
31400,1983,26,,,,,1986,2,1987.0,24.0,,
31500,1983,32,,,,,1986,32,,,,
31600,1983,24,,,,,1986,24,,,,
31700,1984,1,1982.0,34.0,,,1985,26,,,,
31800,1984,25,,,,,1987,25,,,,
31900,1984,30,,,,,1987,30,,,,
32000,1986,21,,,,,1988,8,1989.0,22.0,,
32100,1986,22,,,,,1988,4,1989.0,23.0,,
32200,1986,31,,,,,1989,1,1990.0,30.0,,
32300,1988,1,1987.0,3.0,1986.0,2.0,1989,22,,,,
32400,1987,30,,,,,1991,30,,,,
32500,1989,22,,,,,1991,1,1993.0,22.0,,
32600,1989,23,,,,,1993,23,,,,
32700,1992,1,1990.0,31.0,,,1994,31,,,,
32800,1989,26,,,,,1990,5,1992.0,26.0,,
32900,1989,32,,,,,1992,32,,,,
33000,1990,30,,,,,1993,26,,,,
33100,1991,35,,,,,1994,27,,,,
33200,1991,4,1990.0,21.0,,,1994,21,,,,
33300,1990,24,,,,,1991,6,1994.0,26.0,,
33400,1990,30,,,,,1993,30,,,,
33500,1990,28,,,,,1994,28,,,,
33600,1990,26,,,,,1993,26,,,,
33700,1991,25,,,,,1994,25,,,,
33800,1993,5,1992.0,20.0,,,1996,20,,,,
33900,1995,1,1993.0,21.0,,,1996,21,,,,
34000,1995,1,1993.0,26.0,,,1997,26,,,,
34100,1992,23,,,,,1995,23,,,,
34200,1992,23,,,,,1996,23,,,,
34300,1993,29,,,,,1996,29,,,,
34400,1994,31,,,,,1997,31,,,,
34500,1993,28,,,,,1996,25,,,,
34600,1992,28,,,,,1995,28,,,,
34700,1992,34,,,,,1995,31,,,,
34800,1991,23,,,,,1993,4,1994.0,23.0,,
34900,1990,26,,,,,1994,27,,,,
35000,1991,17,,,,,1994,21,,,,
35100,1991,24,,,,,1995,24,,,,
35200,1991,26,,,,,1993,5,1994.0,26.0,,
35300,1993,6,1992.0,21.0,,,1996,21,,,,
35400,1993,3,1992.0,22.0,,,1996,22,,,,
35500,1991,23,,,,,1994,23,,,,
35600,1990,27,,,,,1993,27,,,,
35700,1990,24,,,,,1993,1,1994.0,24.0,,
35800,1991,33,,,,,1994,27,,,,
35900,1990,23,,,,,1994,23,,,,
36000,1991,28,,,,,1994,28,,,,
36100,1992,4,1990.0,29.0,,,1993,29,,,,
36200,1990,27,,,,,1993,30,,,,
36300,1989,25,,,,,1992,25,,,,
36400,1991,31,,,,,1994,31,,,,
36500,1991,24,,,,,1993,4,1994.0,24.0,,
36600,1991,29,,,,,1995,29,,,,
36700,1991,32,,,,,1995,32,,,,
36800,1991,2,1989.0,24.0,,,1993,24,,,,
36900,1989,23,,,,,1993,23,,,,
37000,1989,28,,,,,1992,28,,,,
37100,1989,20,,,,,1993,20,,,,
37200,1990,36,,,,,1993,29,,,,
37300,1990,22,,,,,1993,23,,,,
37400,1990,30,,,,,1994,30,,,,
37500,1991,23,,,,,1994,1,1995.0,22.0,,
37600,1991,23,,,,,1994,23,,,,
37700,1992,1,1991.0,20.0,,,1995,21,,,,
37800,1989,22,,,,,1993,22,,,,
37900,1990,29,,,,,1993,24,,,,
38000,1991,25,,,,,1994,25,,,,
38100,1991,27,,,,,1994,27,,,,
38200,1990,22,,,,,1993,2,1994.0,20.0,,
38300,1991,22,,,,,1994,22,,,,
38400,1991,26,,,,,1994,26,,,,
38500,1991,21,,,,,1995,21,,,,
38600,1991,29,,,,,1995,29,,,,
38700,1992,4,1991.0,32.0,,,1993,8,1994.0,32.0,,
38800,1991,1,1990.0,24.0,,,1993,2,1994.0,22.0,,
38900,1990,20,,,,,1993,21,,,,
39000,1990,30,,,,,1993,30,,,,
39100,1989,25,,,,,1992,25,,,,
39200,1989,22,,,,,1992,22,,,,
39300,1988,29,,,,,1990,2,1991.0,1.0,1992.0,28.0
39400,1989,30,,,,,1992,26,,,,
39500,1991,1,1989.0,31.0,,,1992,31,,,,
39600,1990,2,1989.0,26.0,,,1993,28,,,,
39700,1989,23,,,,,1992,23,,,,
39800,1988,24,,,,,1989,4,1992.0,24.0,,
39900,1988,23,,,,,1991,23,,,,
40000,1988,27,,,,,1991,27,,,,
40100,1988,27,,,,,1991,1,1992.0,26.0,,
40200,1990,5,1988.0,29.0,,,1991,29,,,,
40300,1989,26,,,,,1992,28,,,,
40400,1989,37,,,,,1992,30,,,,
40500,1989,30,,,,,1992,30,,,,
40600,1989,2,1988.0,29.0,,,1992,29,,,,
40700,1990,3,1988.0,29.0,,,1991,24,,,,
40800,1988,24,,,,,1992,24,,,,
40900,1988,23,,,,,1989,3,1992.0,23.0,,
41000,1990,2,1989.0,4.0,1988.0,24.0,1992,24,,,,
41100,1991,9,1989.0,26.0,,,1992,26,,,,
41200,1989,2,1988.0,25.0,,,1991,25,,,,
41300,1988,30,,,,,1991,2,1992.0,28.0,,
41400,1986,31,,,,,1988,6,1989.0,31.0,,
41500,1985,23,,,,,1986,6,1987.0,8.0,1988.0,2.0
41600,1986,23,,,,,1990,23,,,,
41700,1986,29,,,,,1989,29,,,,
41800,1986,31,,,,,1988,1,1989.0,31.0,,
41900,1986,30,,,,,1987,3,1989.0,30.0,,
42000,1986,20,,,,,1989,20,,,,
42100,1985,27,,,,,1988,21,,,,
42200,1983,22,,,,,1987,22,,,,
42300,1984,24,,,,,1986,4,1987.0,24.0,,
42400,1984,2,1983.0,25.0,,,1987,27,,,,
42500,1984,2,1983.0,22.0,,,1987,24,,,,
42600,1985,24,,,,,1988,24,,,,
42700,1987,5,1985.0,29.0,,,1988,24,,,,
42800,1986,27,,,,,1989,27,,,,
42900,1986,28,,,,,1988,7,1989.0,28.0,,
43000,1985,21,,,,,1989,21,,,,
43100,1984,21,,,,,1986,3,1987.0,21.0,,
43200,1984,32,,,,,1987,29,,,,
43300,1985,25,,,,,1988,25,,,,
43400,1985,28,,,,,1988,28,,,,
43500,1985,23,,,,,1988,2,1989.0,22.0,,
43600,1986,22,,,,,1989,22,,,,
43700,1987,1,1985.0,30.0,,,1988,30,,,,
43800,1987,30,,,,,1990,29,,,,
43900,1988,23,,,,,1992,24,,,,
44000,1990,30,,,,,1992,3,1993.0,30.0,,
44100,1991,36,,,,,1994,30,,,,
44200,1991,27,,,,,1994,27,,,,
44300,1990,28,,,,,1992,1,1993.0,28.0,,
44400,1990,23,,,,,1992,6,1993.0,23.0,,
44500,1990,29,,,,,1992,1,1993.0,29.0,,
44600,1990,26,,,,,1993,26,,,,
44700,1992,1,1990.0,28.0,,,1993,1,1994.0,27.0,,
44800,1992,9,1990.0,24.0,,,1993,24,,,,
44900,1989,31,,,,,1992,30,,,,
45000,1989,24,,,,,1992,25,,,,
45100,1988,26,,,,,1992,26,,,,
45200,1987,24,,,,,1990,24,,,,
45300,1987,30,,,,,1990,30,,,,
45400,1987,30,,,,,1990,25,,,,
45500,1991,1,1988.0,29.0,,,1992,29,,,,
45600,1992,27,,,,,1995,27,,,,
45700,1991,22,,,,,1994,22,,,,
45800,1990,26,,,,,1993,21,,,,
45900,1990,28,,,,,1992,3,1993.0,28.0,,
46000,1988,26,,,,,1990,1,1992.0,26.0,,
46100,1988,24,,,,,1992,24,,,,
46200,1989,20,,,,,1991,1,1993.0,20.0,,
46300,1990,26,,,,,1993,23,,,,
46400,1990,26,,,,,1994,26,,,,
46500,1989,26,,,,,1992,2,1993.0,24.0,,
46600,1989,22,,,,,1992,22,,,,
46700,1991,29,,,,,1994,27,,,,
46800,1991,30,,,,,1992,5,1994.0,31.0,,
46900,1991,34,,,,,1994,31,,,,
47000,1991,8,1990.0,29.0,,,1994,29,,,,
47100,1991,2,1990.0,26.0,,,1994,28,,,,
47200,1993,1,1992.0,5.0,1991.0,26.0,1994,26,,,,
47300,1989,31,,,,,1992,31,,,,
47400,1990,28,,,,,1993,29,,,,
47500,1992,1,1990.0,27.0,,,1993,27,,,,
47600,1990,8,1988.0,27.0,,,1991,1,1992.0,26.0,,
47700,1989,23,,,,,1991,2,1992.0,24.0,,
47800,1989,25,,,,,1992,25,,,,
47900,1989,26,,,,,1992,26,,,,
48000,1989,28,,,,,1992,28,,,,
48100,1991,10,1989.0,24.0,,,1992,2,1993.0,22.0,,
48200,1987,25,,,,,1989,6,1990.0,1.0,1991.0,24.0
48300,1988,26,,,,,1992,26,,,,
48400,1990,30,,,,,1993,30,,,,
48500,1989,25,,,,,1993,25,,,,
48600,1991,23,,,,,1993,2,1994.0,24.0,,
48700,1990,20,,,,,1992,2,1993.0,21.0,,
48800,1991,25,,,,,1994,25,,,,
48900,1991,27,,,,,1994,28,,,,
49000,1991,21,,,,,1994,21,,,,
49100,1991,2,1990.0,28.0,,,1994,28,,,,
49200,1990,29,,,,,1993,29,,,,
49300,1990,26,,,,,1993,22,,,,
49400,1990,20,,,,,1994,21,,,,
49500,1993,1,1991.0,30.0,,,1994,30,,,,
49600,1990,30,,,,,1992,5,1993.0,30.0,,
49700,1991,33,,,,,1994,27,,,,
49800,1991,26,,,,,1994,26,,,,
49900,1991,21,,,,,1993,1,1995.0,22.0,,
50000,1991,33,,,,,1994,28,,,,
50100,1992,30,,,,,1995,30,,,,
50200,1991,31,,,,,1994,31,,,,
50300,1992,1,1990.0,21.0,,,1994,21,,,,
50400,1990,28,,,,,1993,23,,,,
50500,1990,2,1989.0,26.0,,,1993,28,,,,
50600,1986,22,,,,,1990,22,,,,
50700,1984,27,,,,,1987,27,,,,
50800,1982,30,,,,,1985,30,,,,
50900,1983,23,,,,,1986,26,,,,
51000,1983,34,,,,,1986,27,,,,
51100,1985,31,,,,,1987,6,1988.0,31.0,,
51200,1983,29,,,,,1986,29,,,,
51300,1986,1,1983.0,26.0,,,1987,26,,,,
51400,1980,22,,,,,1982,8,1984.0,22.0,,
51500,1984,31,,,,,1987,31,,,,
51600,1983,32,,,,,1985,3,1986.0,32.0,,
51700,1984,22,,,,,1987,21,,,,
51800,1985,22,,,,,1987,8,1988.0,22.0,,
51900,1986,1,1985.0,23.0,,,1989,24,,,,
52000,1988,23,,,,,1991,23,,,,
52100,1988,2,1986.0,24.0,,,1989,24,,,,
52200,1987,1,1986.0,24.0,,,1990,26,,,,
52300,1989,3,1988.0,29.0,,,1991,29,,,,
52400,1989,3,1988.0,21.0,,,1992,21,,,,
52500,1989,31,,,,,1992,31,,,,
52600,1989,25,,,,,1991,7,1992.0,25.0,,
52700,1988,21,,,,,1991,1,1992.0,20.0,,
52800,1987,22,,,,,1990,22,,,,
52900,1986,25,,,,,1988,3,1990.0,25.0,,
53000,1987,22,,,,,1990,22,,,,
53100,1985,23,,,,,1988,23,,,,
53200,1985,28,,,,,1988,28,,,,
53300,1986,25,,,,,1988,6,1989.0,25.0,,
53400,1985,28,,,,,1987,6,1989.0,28.0,,
53500,1988,1,1986.0,8.0,1985.0,21.0,1989,21,,,,
53600,1986,2,1985.0,25.0,,,1989,27,,,,
53700,1985,23,,,,,1988,23,,,,
53800,1985,25,,,,,1986,6,1987.0,3.0,1988.0,25.0
53900,1985,31,,,,,1988,1,1989.0,30.0,,
54000,1987,1,1986.0,30.0,,,1988,3,1990.0,31.0,,
54100,1985,27,,,,,1989,27,,,,
54200,1986,30,,,,,1990,30,,,,
54300,1986,24,,,,,1989,24,,,,
54400,1986,30,,,,,1988,4,1989.0,30.0,,
54500,1986,24,,,,,1990,24,,,,
54600,1987,24,,,,,1990,1,1991.0,24.0,,
54700,1990,1,1988.0,25.0,,,1991,25,,,,
54800,1987,31,,,,,1990,31,,,,
54900,1989,31,,,,,1992,25,,,,
55000,1990,24,,,,,1991,5,1993.0,24.0,,
55100,1989,28,,,,,1992,21,,,,
55200,1988,21,,,,,1992,21,,,,
55300,1989,29,,,,,1992,29,,,,
55400,1990,36,,,,,1993,28,,,,
55500,1991,2,1990.0,29.0,,,1994,31,,,,
55600,1991,28,,,,,1994,29,,,,
55700,1991,21,,,,,1994,21,,,,
55800,1991,22,,,,,1994,22,,,,
55900,1991,27,,,,,1994,27,,,,
56000,1991,29,,,,,1994,29,,,,
56100,1990,23,,,,,1994,23,,,,
56200,1990,23,,,,,1992,7,1994.0,23.0,,
56300,1991,30,,,,,1994,31,,,,
56400,1991,2,1990.0,25.0,,,1994,25,,,,
56500,1991,23,,,,,1994,22,,,,
56600,1990,28,,,,,1992,3,1993.0,28.0,,
56700,1991,22,,,,,1994,22,,,,
56800,1989,25,,,,,1991,2,1992.0,2.0,1993.0,23.0
56900,1989,21,,,,,1992,1,1993.0,20.0,,
57000,1990,32,,,,,1993,32,,,,
57100,1990,21,,,,,1993,24,,,,
57200,1990,24,,,,,1991,4,1993.0,24.0,,
57300,1990,21,,,,,1992,6,1994.0,21.0,,
57400,1993,1,1991.0,25.0,,,1994,25,,,,
57500,1991,25,,,,,1994,25,,,,
57600,1992,32,,,,,1994,3,1995.0,32.0,,
57700,1992,26,,,,,1995,26,,,,
57800,1991,28,,,,,1995,29,,,,
57900,1992,30,,,,,1995,30,,,,
58000,1994,1,1993.0,3.0,1992.0,1.0,1995,23,,,,
58100,1991,28,,,,,1993,6,1994.0,28.0,,
58200,1991,26,,,,,1993,8,1994.0,26.0,,
58300,1991,22,,,,,1995,22,,,,
58400,1991,29,,,,,1995,29,,,,
58500,1993,1,1992.0,23.0,,,1995,2,1996.0,21.0,,
58600,1992,29,,,,,1995,29,,,,
58700,1993,30,,,,,1996,30,,,,
58800,1993,21,,,,,1996,22,,,,
58900,1993,5,1992.0,25.0,,,1996,26,,,,
59000,1993,22,,,,,1996,22,,,,
59100,1993,28,,,,,1995,6,1996.0,28.0,,
59200,1992,24,,,,,1996,24,,,,
59300,1992,24,,,,,1995,24,,,,
59400,1991,31,,,,,1994,29,,,,
59500,1991,26,,,,,1994,26,,,,
59600,1991,28,,,,,1994,28,,,,
59700,1990,21,,,,,1993,1,1994.0,20.0,,
59800,1991,3,1990.0,24.0,,,1993,2,1994.0,22.0,,
59900,1990,23,,,,,1991,1,1994.0,23.0,,
60000,1992,1,1990.0,26.0,,,1993,26,,,,
60100,1990,10,1988.0,24.0,,,1991,24,,,,
60200,1986,24,,,,,1988,3,1990.0,24.0,,
60300,1988,28,,,,,1991,28,,,,
60400,1989,22,,,,,1992,22,,,,
60500,1987,30,,,,,1988,3,1989.0,2.0,1991.0,30.0
60600,1987,26,,,,,1989,2,1991.0,27.0,,
60700,1987,9,1986.0,26.0,,,1990,27,,,,
60800,1987,21,,,,,1990,21,,,,
60900,1987,22,,,,,1990,22,,,,
61000,1987,22,,,,,1990,22,,,,
61100,1989,5,1987.0,29.0,,,1991,29,,,,
61200,1987,1,1986.0,29.0,,,1990,30,,,,
61300,1987,27,,,,,1989,7,1990.0,27.0,,
61400,1988,29,,,,,1990,5,1991.0,29.0,,
61500,1988,21,,,,,1992,21,,,,
61600,1989,27,,,,,1992,27,,,,
61700,1990,30,,,,,1994,30,,,,
61800,1992,5,1990.0,26.0,,,1993,1,1994.0,25.0,,
61900,1991,22,,,,,1994,22,,,,
62000,1993,21,,,,,1996,21,,,,
62100,1993,22,,,,,1997,22,,,,
62200,1994,29,,,,,1998,29,,,,
62300,1998,25,,,,,2000,8,2002.0,25.0,,
62400,1999,26,,,,,2002,26,,,,
62500,2002,2,2001.0,26.0,,,2005,28,,,,
62600,2002,28,,,,,2005,29,,,,
62700,2003,25,,,,,2006,25,,,,
62800,2004,23,,,,,2007,1,2008.0,22.0,,
62900,2003,29,,,,,2005,6,2006.0,29.0,,
63000,2001,22,,,,,2002,9,2003.0,9.0,2005.0,23.0
63100,2000,24,,,,,2004,24,,,,
63200,2001,34,,,,,2004,28,,,,
63300,2002,23,,,,,2005,23,,,,
63400,2003,22,,,,,2006,22,,,,
63500,2002,22,,,,,2005,22,,,,
63600,2003,22,,,,,2006,22,,,,
63700,2003,31,,,,,2006,1,2007.0,30.0,,
63800,2003,21,,,,,2006,21,,,,
63900,2004,27,,,,,2007,27,,,,
64000,2002,29,,,,,2006,29,,,,
64100,2000,32,,,,,2002,6,2003.0,32.0,,
64200,2000,22,,,,,2003,22,,,,
64300,2000,29,,,,,2003,29,,,,
64400,2000,24,,,,,2003,24,,,,
64500,2001,1,2000.0,26.0,,,2004,26,,,,
64600,2001,25,,,,,2005,25,,,,
64700,2003,6,2002.0,29.0,,,2005,1,2006.0,28.0,,
64800,2002,2,2001.0,25.0,,,2005,27,,,,
64900,2001,29,,,,,2003,7,2004.0,29.0,,
65000,2001,22,,,,,2003,2,2004.0,22.0,,
65100,2001,26,,,,,2004,26,,,,
65200,2001,31,,,,,2004,31,,,,
65300,2002,5,2001.0,1.0,2000.0,23.0,2004,23,,,,
65400,2001,20,,,,,2004,20,,,,
65500,2001,22,,,,,2005,22,,,,
65600,2003,3,2002.0,30.0,,,2006,30,,,,
65700,2003,26,,,,,2005,4,2006.0,26.0,,
65800,2003,32,,,,,2006,30,,,,
65900,2002,25,,,,,2005,25,,,,
66000,2002,1,2001.0,27.0,,,2005,28,,,,
66100,2002,1,2001.0,24.0,,,2005,25,,,,
66200,2003,16,,,,,2006,24,,,,
66300,2004,29,,,,,2007,27,,,,
66400,2003,25,,,,,2006,25,,,,
66500,2003,24,,,,,2006,24,,,,
66600,2002,37,,,,,2005,31,,,,
66700,2002,21,,,,,2006,21,,,,
66800,2003,29,,,,,2007,29,,,,
66900,2004,30,,,,,2005,4,2006.0,1.0,2007.0,30.0
67000,2005,6,2004.0,22.0,,,2008,22,,,,
67100,2005,37,,,,,2008,29,,,,
67200,2007,1,2005.0,1.0,2004.0,23.0,2008,24,,,,
67300,2005,26,,,,,2009,26,,,,
67400,2005,27,,,,,2008,27,,,,
67500,2006,8,2005.0,29.0,,,2008,2,2009.0,27.0,,
67600,2005,2,2004.0,30.0,,,2008,32,,,,
67700,2007,4,2005.0,29.0,,,2009,29,,,,
67800,2005,23,,,,,2007,3,2008.0,23.0,,
67900,2005,34,,,,,2008,32,,,,
68000,2004,24,,,,,2006,2,2007.0,25.0,,
68100,2002,29,,,,,2005,29,,,,
68200,2005,1,2003.0,20.0,,,2006,20,,,,
68300,2003,20,,,,,2006,21,,,,
68400,2001,2,2000.0,25.0,,,2004,27,,,,
68500,2001,25,,,,,2005,25,,,,
68600,2003,23,,,,,2006,27,,,,
68700,2002,31,,,,,2005,25,,,,
68800,2001,28,,,,,2003,6,2004.0,28.0,,
68900,2005,1,2003.0,25.0,,,2006,25,,,,
69000,2002,23,,,,,2005,2,2006.0,21.0,,
69100,2002,25,,,,,2005,25,,,,
69200,2004,2,2003.0,24.0,,,2005,6,2007.0,26.0,,
69300,2006,8,2004.0,30.0,,,2007,28,,,,
69400,2006,1,2004.0,22.0,,,2007,22,,,,
69500,2004,20,,,,,2008,20,,,,
69600,2005,2,2004.0,21.0,,,2008,22,,,,
69700,2004,21,,,,,2007,21,,,,
69800,2006,1,2004.0,27.0,,,2007,27,,,,
69900,2003,29,,,,,2006,29,,,,
70000,2003,28,,,,,2006,28,,,,
70100,2002,24,,,,,2006,24,,,,
70200,2005,3,2003.0,31.0,,,2006,31,,,,
70300,2003,29,,,,,2006,29,,,,
70400,2003,17,,,,,2006,26,,,,
70500,2003,29,,,,,2006,25,,,,
70600,2004,30,,,,,2007,30,,,,
70700,2004,22,,,,,2007,22,,,,
70800,2005,28,,,,,2008,28,,,,
70900,2005,26,,,,,2008,26,,,,
71000,2005,31,,,,,2008,31,,,,
71100,2005,25,,,,,2008,25,,,,
71200,2005,5,2004.0,28.0,,,2007,2,2008.0,26.0,,
71300,2005,32,,,,,2008,29,,,,
71400,2006,28,,,,,2009,29,,,,
71500,2003,32,,,,,2006,30,,,,
71600,2003,20,,,,,2007,20,,,,
71700,2004,20,,,,,2008,20,,,,
71800,2007,1,2005.0,25.0,,,2008,25,,,,
71900,2004,30,,,,,2005,2,2008.0,30.0,,
72000,2004,26,,,,,2008,26,,,,
72100,2005,9,2003.0,24.0,,,2006,24,,,,
72200,2003,24,,,,,2006,24,,,,
72300,2003,30,,,,,2006,30,,,,
72400,2003,23,,,,,2006,23,,,,
72500,2003,24,,,,,2005,7,2006.0,24.0,,
72600,2004,22,,,,,2006,4,2007.0,1.0,2008.0,21.0
72700,2003,23,,,,,2007,23,,,,
72800,2004,26,,,,,2007,26,,,,
72900,2004,25,,,,,2006,3,2007.0,25.0,,
73000,2003,24,,,,,2007,24,,,,
73100,2005,26,,,,,2008,26,,,,
73200,2005,2,2004.0,28.0,,,2008,30,,,,
73300,2004,6,2003.0,30.0,,,2007,32,,,,
73400,2003,31,,,,,2006,31,,,,
73500,2002,20,,,,,2006,20,,,,
73600,2003,26,,,,,2007,26,,,,
73700,2002,30,,,,,2006,30,,,,
73800,2004,3,2003.0,31.0,,,2006,30,,,,
73900,2003,26,,,,,2005,8,2006.0,27.0,,
74000,2003,29,,,,,2006,29,,,,
74100,2002,31,,,,,2005,31,,,,
74200,2004,1,2002.0,31.0,,,2005,28,,,,
74300,2002,25,,,,,2006,25,,,,
74400,2003,6,2002.0,21.0,,,2005,21,,,,
74500,2002,23,,,,,2004,1,2005.0,23.0,,
74600,2002,31,,,,,2005,31,,,,
74700,2002,26,,,,,2006,26,,,,
74800,2002,30,,,,,2005,26,,,,
74900,2002,24,,,,,2006,24,,,,
75000,2001,30,,,,,2005,30,,,,
75100,2001,30,,,,,2004,25,,,,
75200,2002,2,2001.0,20.0,,,2005,22,,,,
75300,2001,33,,,,,2004,27,,,,
75400,2001,2,2000.0,30.0,,,2004,30,,,,
75500,1999,29,,,,,2002,30,,,,
75600,2001,1,2000.0,6.0,1999.0,23.0,2002,22,,,,
75700,1998,22,,,,,2001,1,2002.0,21.0,,
75800,1998,22,,,,,2001,1,2002.0,21.0,,
75900,1999,2,1998.0,30.0,,,2000,4,2002.0,32.0,,
76000,1999,7,1998.0,21.0,,,2002,22,,,,
76100,1998,28,,,,,2001,2,2002.0,26.0,,
76200,1998,26,,,,,2000,1,2001.0,26.0,,
76300,1997,27,,,,,1999,2,2001.0,27.0,,
76400,1998,27,,,,,1999,3,2001.0,2.0,2002.0,26.0
76500,1998,31,,,,,2002,31,,,,
76600,1998,31,,,,,2000,8,2002.0,31.0,,
76700,1999,22,,,,,2001,8,2002.0,22.0,,
76800,2000,26,,,,,2003,26,,,,
76900,1999,31,,,,,2002,31,,,,
77000,1998,25,,,,,2001,25,,,,
77100,1999,8,1998.0,27.0,,,2002,27,,,,
77200,1998,28,,,,,2000,2,2001.0,28.0,,
77300,1998,30,,,,,2000,6,2002.0,30.0,,
77400,1999,28,,,,,2000,6,2002.0,28.0,,
77500,1999,20,,,,,2003,20,,,,
77600,2000,2,1999.0,26.0,,,2002,1,2003.0,25.0,,
77700,1998,26,,,,,2001,26,,,,
77800,1999,22,,,,,2002,26,,,,
77900,1999,30,,,,,2002,30,,,,
78000,1999,1,1998.0,27.0,,,2002,28,,,,
78100,2000,1,1998.0,32.0,,,2001,2,2002.0,30.0,,
78200,1997,20,,,,,2000,20,,,,
78300,1997,6,1996.0,22.0,,,2000,22,,,,
78400,1997,28,,,,,2000,2,2001.0,26.0,,
78500,1999,32,,,,,2002,32,,,,
78600,1999,29,,,,,2002,30,,,,
78700,1999,29,,,,,2002,29,,,,
78800,1999,23,,,,,2002,24,,,,
78900,1999,32,,,,,2002,30,,,,
79000,2000,8,1999.0,22.0,,,2003,22,,,,
79100,2001,5,2000.0,27.0,,,2003,27,,,,
79200,2000,30,,,,,2002,8,2003.0,1.0,2004.0,29.0
79300,2000,29,,,,,2003,29,,,,
79400,2000,20,,,,,2004,20,,,,
79500,2001,2,2000.0,26.0,,,2004,28,,,,
79600,2001,27,,,,,2004,27,,,,
79700,2001,32,,,,,2004,32,,,,
79800,2000,22,,,,,2001,4,2004.0,22.0,,
79900,1998,24,,,,,2001,23,,,,
80000,1993,30,,,,,1997,30,,,,
80100,1995,1,1993.0,31.0,,,1996,31,,,,
80200,1992,27,,,,,1995,27,,,,
80300,1993,34,,,,,1996,30,,,,
80400,1994,23,,,,,1995,4,1997.0,23.0,,
80500,1993,22,,,,,1995,3,1996.0,23.0,,
80600,1993,27,,,,,1997,27,,,,
80700,1995,2,1994.0,29.0,,,1998,29,,,,
80800,1995,6,1994.0,25.0,,,1998,25,,,,
80900,1994,29,,,,,1996,1,1997.0,30.0,,
81000,1994,32,,,,,1997,32,,,,
81100,1994,29,,,,,1997,29,,,,
81200,1995,1,1994.0,26.0,,,1998,27,,,,
81300,1996,1,1994.0,22.0,,,1997,22,,,,
81400,1994,23,,,,,1997,23,,,,
81500,1993,28,,,,,1997,28,,,,
81600,1994,20,,,,,1996,5,1998.0,20.0,,
81700,1995,3,1994.0,27.0,,,1997,2,1998.0,25.0,,
81800,1993,28,,,,,1995,8,1996.0,29.0,,
81900,1994,34,,,,,1995,4,1997.0,27.0,,
82000,1995,32,,,,,1997,4,1998.0,32.0,,
82100,1993,21,,,,,1996,22,,,,
82200,1993,1,1991.0,2.0,1990.0,28.0,1994,30,,,,
82300,1993,27,,,,,1996,27,,,,
82400,1992,26,,,,,1993,4,1995.0,26.0,,
82500,1992,26,,,,,1996,26,,,,
82600,1993,22,,,,,1995,8,1997.0,23.0,,
82700,1993,31,,,,,1996,31,,,,
82800,1992,22,,,,,1995,22,,,,
82900,1991,1,1990.0,22.0,,,1994,23,,,,
83000,1990,34,,,,,1993,31,,,,
83100,1992,7,1991.0,21.0,,,1995,21,,,,
83200,1993,28,,,,,1996,28,,,,
83300,1992,22,,,,,1995,22,,,,
83400,1994,3,1992.0,30.0,,,1995,30,,,,
83500,1992,29,,,,,1995,29,,,,
83600,1993,25,,,,,1996,25,,,,
83700,1995,27,,,,,1998,27,,,,
83800,1995,32,,,,,1998,32,,,,
83900,1997,1,1995.0,6.0,1994.0,26.0,1998,27,,,,
84000,1996,25,,,,,1998,5,1999.0,25.0,,
84100,1997,29,,,,,2000,26,,,,
84200,1999,1,1997.0,30.0,,,2000,27,,,,
84300,1997,25,,,,,2001,25,,,,
84400,1997,30,,,,,2000,30,,,,
84500,1997,1,1996.0,28.0,,,2000,29,,,,
84600,1997,28,,,,,2000,28,,,,
84700,2000,1,1998.0,28.0,,,2001,28,,,,
84800,1997,24,,,,,2000,1,2001.0,23.0,,
84900,1997,28,,,,,1999,1,2001.0,28.0,,
85000,1996,30,,,,,1999,30,,,,
85100,1996,1,1995.0,25.0,,,1997,8,1999.0,26.0,,
85200,1996,27,,,,,1998,1,1999.0,27.0,,
85300,1997,28,,,,,2000,28,,,,
85400,1997,4,1996.0,28.0,,,2000,29,,,,
85500,1996,28,,,,,1999,28,,,,
85600,1996,29,,,,,1999,29,,,,
85700,1996,28,,,,,1999,28,,,,
85800,1997,29,,,,,2000,29,,,,
85900,1997,30,,,,,2000,30,,,,
86000,1998,23,,,,,1999,1,2002.0,23.0,,
86100,1998,20,,,,,2001,20,,,,
86200,1998,28,,,,,2002,28,,,,
86300,1998,28,,,,,2001,29,,,,
86400,1999,37,,,,,2002,31,,,,
86500,1999,1,1998.0,23.0,,,2001,2,2002.0,21.0,,
86600,2000,22,,,,,2002,5,2003.0,22.0,,
86700,2000,21,,,,,2003,21,,,,
86800,2000,23,,,,,2003,23,,,,
86900,1999,23,,,,,2001,4,2002.0,23.0,,
87000,2000,22,,,,,2002,6,2003.0,22.0,,
87100,2001,23,,,,,2003,8,2004.0,23.0,,
87200,1999,20,,,,,2002,20,,,,
87300,1998,30,,,,,2002,30,,,,
87400,1998,28,,,,,2001,28,,,,
87500,1998,31,,,,,2001,24,,,,
87600,1998,30,,,,,2001,30,,,,
87700,1998,20,,,,,2001,20,,,,
87800,1997,20,,,,,2001,20,,,,
87900,1999,10,1998.0,5.0,1997.0,25.0,2001,25,,,,
88000,1997,27,,,,,2000,27,,,,
88100,1996,28,,,,,1999,28,,,,
88200,1997,34,,,,,2000,26,,,,
88300,1998,5,1996.0,26.0,,,2000,26,,,,
88400,1998,1,1996.0,28.0,,,2000,28,,,,
88500,1996,22,,,,,2000,22,,,,
88600,1996,25,,,,,1997,4,1999.0,25.0,,
88700,1995,28,,,,,1997,1,1999.0,28.0,,
88800,1994,26,,,,,1995,4,1997.0,31.0,,
88900,1994,1,1992.0,27.0,,,1996,27,,,,
89000,1992,24,,,,,1996,24,,,,
89100,1993,29,,,,,1994,2,1996.0,2.0,1997.0,27.0
89200,1993,30,,,,,1996,30,,,,
89300,1993,25,,,,,1996,25,,,,
89400,1994,4,1993.0,23.0,,,1995,3,1996.0,23.0,,
89500,1993,27,,,,,1996,27,,,,
89600,1992,26,,,,,1996,26,,,,
89700,1992,30,,,,,1994,8,1995.0,30.0,,
89800,1993,28,,,,,1996,28,,,,
89900,1993,26,,,,,1996,26,,,,
90000,1993,4,1992.0,24.0,,,1996,24,,,,
90100,1991,28,,,,,1995,28,,,,
90200,1992,21,,,,,1995,21,,,,
90300,1993,23,,,,,1995,6,1996.0,23.0,,
90400,1994,20,,,,,1997,25,,,,
90500,1993,30,,,,,1996,24,,,,
90600,1995,1,1993.0,26.0,,,1996,25,,,,
90700,1993,28,,,,,1996,28,,,,
90800,1994,26,,,,,1995,3,1997.0,26.0,,
90900,1993,26,,,,,1995,4,1997.0,26.0,,
91000,1993,30,,,,,1996,31,,,,
91100,1992,23,,,,,1994,4,1995.0,23.0,,
91200,1991,26,,,,,1994,26,,,,
91300,1991,27,,,,,1994,27,,,,
91400,1990,22,,,,,1993,22,,,,
91500,1989,26,,,,,1991,1,1992.0,26.0,,
91600,1990,30,,,,,1992,5,1994.0,30.0,,
91700,1989,27,,,,,1992,23,,,,
91800,1990,24,,,,,1993,24,,,,
91900,1990,29,,,,,1993,22,,,,
92000,1990,28,,,,,1994,28,,,,
92100,1992,22,,,,,1995,22,,,,
92200,1990,30,,,,,1992,4,1993.0,30.0,,
92300,1990,30,,,,,1993,29,,,,
92400,1990,2,1989.0,27.0,,,1991,8,1992.0,27.0,,
92500,1989,1,1988.0,26.0,,,1992,28,,,,
92600,1988,22,,,,,1990,4,1991.0,23.0,,
92700,1989,20,,,,,1992,20,,,,
92800,1989,22,,,,,1993,22,,,,
92900,1990,21,,,,,1994,21,,,,
93000,1992,22,,,,,1994,3,1995.0,22.0,,
93100,1993,4,1992.0,21.0,,,1994,2,1995.0,21.0,,
93200,1993,30,,,,,1995,3,1996.0,30.0,,
93300,1995,27,,,,,1998,25,,,,
93400,1993,26,,,,,1996,26,,,,
93500,1993,28,,,,,1996,28,,,,
93600,1993,30,,,,,1995,1,1996.0,30.0,,
93700,1995,29,,,,,1998,29,,,,
93800,1997,28,,,,,1999,8,2001.0,28.0,,
93900,1997,28,,,,,2000,28,,,,
94000,1996,30,,,,,1999,30,,,,
94100,1999,1,1997.0,28.0,,,2000,28,,,,
94200,1997,25,,,,,2001,25,,,,
94300,1997,22,,,,,1998,1,2001.0,22.0,,
94400,1997,23,,,,,2000,24,,,,
94500,1997,22,,,,,2001,23,,,,
94600,1999,4,1998.0,30.0,,,2001,30,,,,
94700,1996,22,,,,,1999,22,,,,
94800,1996,26,,,,,1999,26,,,,
94900,1996,5,1995.0,30.0,,,1999,30,,,,
95000,1997,2,1996.0,21.0,,,2000,23,,,,
95100,1997,25,,,,,1999,5,2000.0,25.0,,
95200,1997,23,,,,,2000,23,,,,
95300,1996,38,,,,,1999,31,,,,
95400,1997,25,,,,,2000,25,,,,
95500,1997,21,,,,,2000,21,,,,
95600,1999,1,1998.0,5.0,1997.0,22.0,2000,22,,,,
95700,1997,32,,,,,2000,32,,,,
95800,1994,25,,,,,1998,26,,,,
95900,1994,25,,,,,1996,3,1997.0,25.0,,
96000,1995,21,,,,,1998,21,,,,
96100,1995,30,,,,,1999,30,,,,
96200,1996,1,1995.0,27.0,,,1999,29,,,,
96300,1996,24,,,,,2000,24,,,,
96400,1997,1,1996.0,26.0,,,2000,27,,,,
96500,1997,23,,,,,2000,23,,,,
96600,1996,31,,,,,2000,31,,,,
96700,1997,2,1996.0,23.0,,,2000,25,,,,
96800,1999,1,1997.0,27.0,,,2000,27,,,,
96900,1997,21,,,,,2000,21,,,,
97000,1995,24,,,,,1996,2,1999.0,24.0,,
97100,1997,3,1996.0,20.0,,,1999,20,,,,
97200,1996,22,,,,,2000,22,,,,
97300,1996,32,,,,,1999,32,,,,
97400,1998,9,1997.0,30.0,,,2001,31,,,,
97500,1999,4,1997.0,22.0,,,2000,22,,,,
97600,1997,31,,,,,2000,31,,,,
97700,1997,32,,,,,2001,32,,,,
97800,1997,24,,,,,2000,24,,,,
97900,1997,30,,,,,2000,30,,,,
98000,1996,31,,,,,1999,31,,,,
98100,1998,1,1997.0,8.0,1996.0,27.0,2000,27,,,,
98200,1996,26,,,,,1998,3,2000.0,27.0,,
98300,1996,22,,,,,1998,5,1999.0,26.0,,
98400,1996,25,,,,,1999,26,,,,
98500,1998,5,1996.0,25.0,,,1999,25,,,,
98600,1996,21,,,,,1999,20,,,,
98700,1996,29,,,,,1999,29,,,,
98800,1998,32,,,,,2001,32,,,,
98900,1999,3,1998.0,25.0,,,2001,25,,,,
99000,1998,23,,,,,2000,7,2001.0,23.0,,
99100,1998,22,,,,,2000,2,2001.0,22.0,,
99200,1999,1,1998.0,3.0,1997.0,2.0,2000,31,,,,
99300,1997,1,1996.0,20.0,,,1998,2,2000.0,21.0,,
99400,1998,2,1997.0,24.0,,,2001,26,,,,
99500,1999,1,1997.0,34.0,,,2000,30,,,,
99600,1995,28,,,,,1998,28,,,,
99700,1995,31,,,,,1998,31,,,,
99800,1995,35,,,,,1996,4,1998.0,29.0,,
99900,1995,28,,,,,1998,28,,,,
100000,1996,30,,,,,1999,30,,,,
100100,1995,27,,,,,1998,28,,,,
100200,1994,22,,,,,1997,22,,,,
100300,1992,28,,,,,1995,1,1996.0,27.0,,
100400,1996,1,1994.0,1.0,1993.0,20.0,1997,21,,,,
100500,1994,24,,,,,1998,24,,,,
100600,1995,31,,,,,1998,31,,,,
100700,1995,27,,,,,1998,27,,,,
100800,1996,22,,,,,1999,22,,,,
100900,1995,26,,,,,1998,26,,,,
101000,1994,21,,,,,1998,21,,,,
101100,1996,6,1995.0,28.0,,,1998,1,1999.0,27.0,,
101200,1995,23,,,,,1998,23,,,,
101300,1997,6,1996.0,28.0,,,1999,1,2000.0,27.0,,
101400,1996,26,,,,,2000,26,,,,
101500,1998,26,,,,,2000,3,2001.0,26.0,,
101600,1997,28,,,,,2001,28,,,,
101700,1999,22,,,,,2002,22,,,,
101800,1998,23,,,,,2001,23,,,,
101900,1998,21,,,,,2001,21,,,,
102000,1998,25,,,,,2001,25,,,,
102100,1997,23,,,,,1999,4,2000.0,1.0,2001.0,22.0
102200,1998,31,,,,,2001,31,,,,
102300,1998,36,,,,,2001,30,,,,
102400,1998,30,,,,,2000,4,2002.0,31.0,,
102500,2001,1,1998.0,30.0,,,2002,30,,,,
102600,1999,23,,,,,2002,23,,,,
102700,1998,30,,,,,2001,22,,,,
102800,1998,29,,,,,2001,29,,,,
102900,1998,25,,,,,2001,25,,,,
103000,1999,2,1998.0,30.0,,,2001,2,2002.0,28.0,,
103100,1999,22,,,,,2002,22,,,,
103200,2000,24,,,,,2003,24,,,,
103300,2003,2,2001.0,21.0,,,2004,21,,,,
103400,2002,29,,,,,2004,5,2005.0,29.0,,
103500,2001,31,,,,,2004,2,2005.0,29.0,,
103600,2003,1,2001.0,31.0,,,2004,2,2005.0,29.0,,
103700,2002,30,,,,,2005,22,,,,
103800,2002,31,,,,,2005,31,,,,
103900,2001,22,,,,,2004,22,,,,
104000,2001,29,,,,,2004,29,,,,
104100,2000,30,,,,,2001,3,2002.0,6.0,2003.0,30.0
104200,2000,23,,,,,2003,23,,,,
104300,2000,24,,,,,2003,24,,,,
104400,2002,5,2001.0,29.0,,,2004,21,,,,
104500,2001,28,,,,,2004,25,,,,
104600,2001,30,,,,,2004,27,,,,
104700,2000,24,,,,,2003,25,,,,
104800,2001,5,2000.0,27.0,,,2003,2,2004.0,25.0,,
104900,2002,1,2000.0,1.0,1999.0,27.0,2003,28,,,,
105000,2000,31,,,,,2003,31,,,,
105100,1998,29,,,,,2001,29,,,,
105200,1998,21,,,,,2001,22,,,,
105300,1998,26,,,,,2001,23,,,,
105400,1998,29,,,,,2000,4,2001.0,29.0,,
105500,1998,22,,,,,2001,22,,,,
105600,1998,29,,,,,2000,3,2001.0,29.0,,
105700,1999,31,,,,,2002,31,,,,
105800,1999,28,,,,,2000,6,2003.0,28.0,,
105900,1998,27,,,,,2002,27,,,,
106000,1998,23,,,,,2002,23,,,,
106100,1997,26,,,,,2001,26,,,,
106200,1999,2,1998.0,23.0,,,2002,23,,,,
106300,1998,22,,,,,2001,22,,,,
106400,1999,26,,,,,2002,26,,,,
106500,1998,22,,,,,2002,22,,,,
106600,2000,7,1999.0,20.0,,,2003,20,,,,
106700,1999,30,,,,,2001,8,2002.0,30.0,,
106800,1999,23,,,,,2002,23,,,,
106900,1999,23,,,,,2000,10,2003.0,23.0,,
107000,1999,27,,,,,2003,27,,,,
107100,2002,1,2000.0,1.0,1999.0,29.0,2003,30,,,,
107200,1999,26,,,,,2003,26,,,,
107300,1998,29,,,,,2000,1,2002.0,29.0,,
107400,1999,25,,,,,2003,25,,,,
107500,1999,25,,,,,2002,2,2003.0,23.0,,
107600,1998,2,1997.0,20.0,,,2001,22,,,,
107700,2000,4,1998.0,24.0,,,2001,22,,,,
107800,2000,1,1997.0,22.0,,,2001,22,,,,
107900,1997,25,,,,,2000,2,2001.0,23.0,,
108000,1996,32,,,,,1999,32,,,,
108100,1999,24,,,,,2002,29,,,,
108200,1998,25,,,,,2001,25,,,,
108300,1998,27,,,,,2001,27,,,,
108400,1999,1,1996.0,27.0,,,2000,27,,,,
108500,1998,26,,,,,1999,2,2001.0,26.0,,
108600,1998,24,,,,,2001,26,,,,
108700,1997,26,,,,,2001,26,,,,
108800,1998,20,,,,,2000,4,2001.0,21.0,,
108900,1997,28,,,,,2000,28,,,,
109000,1997,22,,,,,1999,8,2001.0,22.0,,
109100,1999,3,1998.0,8.0,1997.0,21.0,2001,23,,,,
109200,1997,31,,,,,2000,26,,,,
109300,1997,23,,,,,2000,23,,,,
109400,1999,1,1997.0,30.0,,,2000,30,,,,
109500,1997,22,,,,,2000,22,,,,
109600,1997,23,,,,,2001,23,,,,
109700,1997,28,,,,,2000,1,2001.0,27.0,,
109800,1997,29,,,,,2000,29,,,,
109900,1998,26,,,,,2000,7,2001.0,26.0,,
110000,1999,32,,,,,2002,30,,,,
110100,2001,2,1999.0,28.0,,,2002,24,,,,
110200,1999,23,,,,,2002,23,,,,
110300,1999,30,,,,,2002,30,,,,
110400,1999,29,,,,,2003,29,,,,
110500,1999,23,,,,,2003,23,,,,
110600,1999,23,,,,,2002,23,,,,
110700,2000,22,,,,,2003,22,,,,
110800,1999,27,,,,,2003,27,,,,
110900,1998,32,,,,,2001,32,,,,
111000,1998,28,,,,,2002,28,,,,
111100,1998,21,,,,,2001,21,,,,
111200,2000,27,,,,,2001,3,2003.0,27.0,,
111300,2003,3,2001.0,20.0,,,2004,20,,,,
111400,2000,28,,,,,2004,28,,,,
111500,2000,25,,,,,2002,6,2003.0,25.0,,
111600,2000,29,,,,,2002,2,2004.0,31.0,,
111700,2001,28,,,,,2004,28,,,,
111800,2001,34,,,,,2004,26,,,,
111900,2001,26,,,,,2004,26,,,,
112000,2002,5,2001.0,28.0,,,2004,28,,,,
112100,2001,25,,,,,2004,25,,,,
112200,2002,3,2001.0,29.0,,,2005,29,,,,
112300,1999,25,,,,,2002,23,,,,
112400,2001,1,1999.0,29.0,,,2002,29,,,,
112500,1998,26,,,,,2002,27,,,,
112600,1999,30,,,,,2001,7,2002.0,30.0,,
112700,1998,22,,,,,2002,22,,,,
112800,1999,2,1998.0,22.0,,,2001,2,2002.0,20.0,,
112900,1999,23,,,,,2001,4,2002.0,23.0,,
113000,2000,1,1999.0,23.0,,,2003,24,,,,
113100,2002,1,2000.0,25.0,,,2003,25,,,,
113200,1999,27,,,,,2003,28,,,,
113300,2000,21,,,,,2002,4,2003.0,21.0,,
113400,2000,21,,,,,2002,7,2003.0,21.0,,
113500,1999,26,,,,,2002,20,,,,
113600,1998,27,,,,,2002,28,,,,
113700,2000,2,1999.0,24.0,,,2001,1,2003.0,26.0,,
113800,2000,28,,,,,2002,2,2003.0,28.0,,
113900,2001,1,2000.0,28.0,,,2004,28,,,,
114000,2000,26,,,,,2003,26,,,,
114100,2003,9,2001.0,31.0,,,2004,28,,,,
114200,2000,28,,,,,2003,28,,,,
114300,2000,21,,,,,2004,22,,,,
114400,2000,25,,,,,2002,5,2003.0,2.0,2004.0,23.0
114500,2000,28,,,,,2002,1,2003.0,28.0,,
114600,1999,21,,,,,2002,21,,,,
114700,1999,31,,,,,2002,26,,,,
114800,1998,31,,,,,2000,4,2002.0,31.0,,
114900,1999,25,,,,,2002,25,,,,
115000,1999,23,,,,,2002,24,,,,
115100,2000,26,,,,,2002,8,2003.0,26.0,,
115200,2000,21,,,,,2003,22,,,,
115300,1999,28,,,,,2002,28,,,,
115400,1999,34,,,,,2002,26,,,,
115500,1999,30,,,,,2002,30,,,,
115600,1999,24,,,,,2002,27,,,,
115700,1998,25,,,,,2000,4,2001.0,25.0,,
115800,2000,1,1998.0,31.0,,,2001,1,2002.0,30.0,,
115900,1999,23,,,,,2002,23,,,,
116000,1998,27,,,,,2000,3,2001.0,27.0,,
116100,1999,32,,,,,2002,32,,,,
116200,1998,23,,,,,2001,23,,,,
116300,1999,2,1998.0,23.0,,,2002,25,,,,
116400,1999,23,,,,,2001,1,2002.0,23.0,,
116500,2000,30,,,,,2003,30,,,,
116600,1999,22,,,,,2000,3,2001.0,1.0,2002.0,2.0
116700,2002,1,1999.0,30.0,,,2003,30,,,,
116800,2000,25,,,,,2003,25,,,,
116900,2000,32,,,,,2001,5,2003.0,32.0,,
117000,2000,24,,,,,2002,2,2003.0,24.0,,
117100,2000,27,,,,,2002,2,2003.0,2.0,2004.0,25.0
117200,2000,26,,,,,2003,26,,,,
117300,2001,27,,,,,2003,2,2004.0,27.0,,
117400,2001,9,2000.0,26.0,,,2004,28,,,,
117500,2001,27,,,,,2004,26,,,,
117600,2001,23,,,,,2004,23,,,,
117700,2003,1,2001.0,27.0,,,2005,27,,,,
117800,2001,26,,,,,2002,4,2005.0,26.0,,
117900,2001,22,,,,,2005,22,,,,
118000,2002,35,,,,,2005,28,,,,
118100,2002,29,,,,,2005,29,,,,
118200,2003,3,2002.0,32.0,,,2005,29,,,,
118300,2003,2,2002.0,26.0,,,2004,7,2005.0,26.0,,
118400,2002,28,,,,,2005,23,,,,
118500,2001,30,,,,,2003,7,2004.0,30.0,,
118600,2001,30,,,,,2004,31,,,,
118700,2001,28,,,,,2005,28,,,,
118800,2001,29,,,,,2004,29,,,,
118900,2000,29,,,,,2003,29,,,,
119000,2000,32,,,,,2002,3,2004.0,32.0,,
119100,2001,23,,,,,2005,23,,,,
119200,2001,31,,,,,2004,27,,,,
119300,2000,29,,,,,2004,29,,,,
119400,2001,24,,,,,2004,24,,,,
119500,2001,26,,,,,2004,27,,,,
119600,2001,21,,,,,2004,21,,,,
119700,2001,7,2000.0,28.0,,,2004,30,,,,
119800,2001,9,2000.0,29.0,,,2004,31,,,,
119900,2000,27,,,,,2002,3,2003.0,27.0,,
120000,1999,23,,,,,2001,3,2002.0,23.0,,
120100,1998,27,,,,,2001,1,2002.0,26.0,,
120200,1998,21,,,,,1999,1,2002.0,21.0,,
120300,1999,33,,,,,2002,29,,,,
120400,1999,36,,,,,2002,31,,,,
120500,1999,31,,,,,2002,31,,,,
120600,1999,28,,,,,2002,28,,,,
120700,2000,30,,,,,2003,29,,,,
120800,2000,1,1999.0,11.0,1998.0,29.0,2002,29,,,,
120900,1997,30,,,,,1999,3,2001.0,30.0,,
121000,1998,27,,,,,2001,27,,,,
121100,1997,27,,,,,2000,27,,,,
121200,1997,1,1996.0,24.0,,,2000,24,,,,
121300,1996,1,1995.0,22.0,,,1999,23,,,,
121400,1996,26,,,,,1998,6,1999.0,26.0,,
121500,1993,25,,,,,1997,25,,,,
121600,1994,30,,,,,1997,30,,,,
121700,1995,27,,,,,1998,27,,,,
121800,1993,23,,,,,1995,5,1997.0,23.0,,
121900,1994,24,,,,,1997,24,,,,
122000,1994,13,,,,,1997,22,,,,
122100,1994,21,,,,,1996,8,1997.0,21.0,,
122200,1994,25,,,,,1997,20,,,,
122300,1995,1,1994.0,32.0,,,1997,2,1998.0,30.0,,
122400,1995,20,,,,,1997,5,1998.0,20.0,,
122500,1995,22,,,,,1997,5,1998.0,22.0,,
122600,1996,2,1995.0,27.0,,,1999,29,,,,
122700,1997,26,,,,,2000,27,,,,
122800,1997,26,,,,,2000,26,,,,
122900,1998,28,,,,,2000,6,2002.0,28.0,,
123000,1998,1,1997.0,24.0,,,2001,24,,,,
123100,1998,31,,,,,1999,5,2001.0,32.0,,
123200,2000,1,1999.0,6.0,1998.0,36.0,2001,30,,,,
123300,2000,9,1998.0,28.0,,,2001,28,,,,
123400,1999,25,,,,,2002,25,,,,
123500,2000,30,,,,,2003,26,,,,
123600,2000,28,,,,,2004,28,,,,
123700,2001,31,,,,,2004,31,,,,
123800,2000,24,,,,,2004,24,,,,
123900,2002,1,2001.0,2.0,2000.0,27.0,2004,27,,,,
124000,2003,1,2001.0,28.0,,,2004,28,,,,
124100,2000,22,,,,,2003,22,,,,
124200,2000,3,1999.0,25.0,,,2002,25,,,,
124300,2000,29,,,,,2003,29,,,,
124400,2000,21,,,,,2004,21,,,,
124500,1999,26,,,,,2003,26,,,,
124600,2000,19,,,,,2003,22,,,,
124700,1999,26,,,,,2002,26,,,,
124800,1999,25,,,,,2003,25,,,,
124900,1999,30,,,,,2002,30,,,,
125000,2000,28,,,,,2003,28,,,,
125100,2000,31,,,,,2003,32,,,,
125200,1999,26,,,,,2001,1,2002.0,26.0,,
125300,1998,27,,,,,2001,27,,,,
125400,1998,32,,,,,2000,6,2001.0,32.0,,
125500,1998,28,,,,,2001,28,,,,
125600,1998,29,,,,,2000,7,2001.0,2.0,2002.0,27.0
125700,1999,27,,,,,2002,27,,,,
125800,2000,22,,,,,2003,22,,,,
125900,1999,27,,,,,2002,23,,,,
126000,2000,2,1999.0,28.0,,,2003,30,,,,
126100,1999,26,,,,,2003,26,,,,
126200,2000,27,,,,,2003,29,,,,
126300,1999,31,,,,,2002,28,,,,
126400,2000,30,,,,,2003,30,,,,
126500,2001,27,,,,,2004,27,,,,
126600,2000,26,,,,,2002,2,2003.0,26.0,,
126700,2000,26,,,,,2003,26,,,,
126800,2001,25,,,,,2004,25,,,,
126900,2001,33,,,,,2004,25,,,,
127000,2002,28,,,,,2006,28,,,,
127100,2002,20,,,,,2005,20,,,,
127200,2002,25,,,,,2005,24,,,,
127300,2002,23,,,,,2005,24,,,,
127400,2002,3,2001.0,23.0,,,2005,24,,,,
127500,2001,24,,,,,2003,2,2005.0,24.0,,
127600,2002,22,,,,,2003,1,2004.0,3.0,2006.0,22.0
127700,2003,26,,,,,2005,7,2006.0,26.0,,
127800,2002,24,,,,,2004,1,2006.0,24.0,,
127900,2002,33,,,,,2005,28,,,,
128000,2002,27,,,,,2005,27,,,,
128100,2002,32,,,,,2005,26,,,,
128200,2000,22,,,,,2004,22,,,,
128300,1998,22,,,,,2000,6,2001.0,22.0,,
128400,1998,31,,,,,1999,9,2001.0,1.0,2002.0,30.0
128500,1999,28,,,,,2002,28,,,,
128600,2000,34,,,,,2003,31,,,,
128700,2000,29,,,,,2002,2,2003.0,29.0,,
128800,2002,1,1999.0,24.0,,,2003,24,,,,
128900,2001,3,1999.0,25.0,,,2003,25,,,,
129000,1999,27,,,,,2002,22,,,,
129100,1999,29,,,,,2003,29,,,,
129200,1999,30,,,,,2002,30,,,,
129300,1999,2,1998.0,26.0,,,2002,28,,,,
129400,1998,24,,,,,2002,24,,,,
129500,1999,1,1998.0,25.0,,,2002,25,,,,
129600,1997,29,,,,,1999,6,2001.0,29.0,,
129700,1996,20,,,,,1997,1,2000.0,20.0,,
129800,1997,22,,,,,2000,21,,,,
129900,1997,27,,,,,2001,27,,,,
130000,1998,23,,,,,2001,23,,,,
130100,1997,31,,,,,2000,31,,,,
130200,1997,24,,,,,2000,25,,,,
130300,1997,29,,,,,2000,30,,,,
130400,1997,26,,,,,1998,3,2000.0,27.0,,
130500,1996,31,,,,,1999,31,,,,
130600,1998,1,1996.0,25.0,,,1999,25,,,,
130700,1995,25,,,,,1999,25,,,,
130800,1994,24,,,,,1996,5,1998.0,24.0,,
130900,1996,31,,,,,1999,31,,,,
131000,1995,27,,,,,1997,7,1998.0,27.0,,
131100,1995,18,,,,,1996,2,1997.0,5.0,1998.0,24.0
131200,1995,29,,,,,1999,29,,,,
131300,1996,27,,,,,1999,27,,,,
131400,1998,30,,,,,2001,30,,,,
131500,1997,22,,,,,2001,22,,,,
131600,1998,20,,,,,2000,5,2001.0,20.0,,
131700,1997,24,,,,,2000,24,,,,
131800,1997,30,,,,,2000,30,,,,
131900,1997,23,,,,,2000,23,,,,
132000,1997,2,1996.0,23.0,,,2000,25,,,,
132100,1996,29,,,,,1997,6,2000.0,30.0,,
132200,1997,2,1996.0,20.0,,,2000,22,,,,
132300,1998,4,1997.0,27.0,,,2001,27,,,,
132400,1997,25,,,,,2001,25,,,,
132500,1998,31,,,,,2001,31,,,,
132600,1997,25,,,,,1999,7,2000.0,25.0,,
132700,1998,24,,,,,1999,3,2001.0,24.0,,
132800,1998,22,,,,,2001,22,,,,
132900,1997,26,,,,,2001,26,,,,
133000,1998,1,1997.0,21.0,,,2001,22,,,,
133100,1997,30,,,,,2001,30,,,,
133200,1997,26,,,,,2000,26,,,,
133300,1997,25,,,,,1999,5,2000.0,25.0,,
133400,1997,22,,,,,2000,22,,,,
133500,1996,20,,,,,2000,20,,,,
133600,1997,31,,,,,2000,26,,,,
133700,1997,29,,,,,2000,29,,,,
133800,1997,26,,,,,2000,26,,,,
133900,1997,27,,,,,2000,27,,,,
134000,1997,29,,,,,2000,29,,,,
134100,1998,9,1996.0,29.0,,,1999,29,,,,
134200,1994,26,,,,,1995,1,1998.0,27.0,,
134300,1998,1,1996.0,27.0,,,1999,27,,,,
134400,1995,26,,,,,1999,26,,,,
134500,1994,26,,,,,1998,26,,,,
134600,1993,26,,,,,1997,26,,,,
134700,1994,5,1993.0,31.0,,,1996,1,1997.0,30.0,,
134800,1993,23,,,,,1995,8,1996.0,23.0,,
134900,1993,29,,,,,1996,29,,,,
135000,1991,22,,,,,1994,22,,,,
135100,1991,26,,,,,1994,26,,,,
135200,1990,23,,,,,1993,23,,,,
135300,1987,25,,,,,1990,26,,,,
135400,1985,21,,,,,1989,21,,,,
135500,1984,25,,,,,1987,25,,,,
135600,1985,24,,,,,1988,25,,,,
135700,1985,26,,,,,1987,1,1989.0,26.0,,
135800,1987,26,,,,,1991,26,,,,
135900,1988,24,,,,,1991,1,1992.0,23.0,,
136000,1989,29,,,,,1991,3,1993.0,29.0,,
136100,1989,28,,,,,1991,4,1993.0,28.0,,
136200,1988,20,,,,,1992,20,,,,
136300,1987,27,,,,,1990,25,,,,
136400,1988,8,1987.0,25.0,,,1991,25,,,,
136500,1986,25,,,,,1989,26,,,,
136600,1985,29,,,,,1988,29,,,,
136700,1987,29,,,,,1990,29,,,,
136800,1987,23,,,,,1989,8,1991.0,23.0,,
136900,1987,2,1986.0,26.0,,,1990,26,,,,
137000,1985,28,,,,,1988,28,,,,
137100,1986,31,,,,,1988,5,1989.0,31.0,,
137200,1986,22,,,,,1987,3,1988.0,3.0,1989.0,22.0
137300,1988,2,1986.0,31.0,,,1990,31,,,,
137400,1986,24,,,,,1990,24,,,,
137500,1989,1,1987.0,25.0,,,1990,25,,,,
137600,1986,25,,,,,1989,25,,,,
137700,1986,29,,,,,1989,29,,,,
137800,1985,30,,,,,1988,30,,,,
137900,1985,27,,,,,1988,27,,,,
138000,1985,26,,,,,1988,26,,,,
138100,1985,32,,,,,1989,32,,,,
138200,1986,31,,,,,1989,31,,,,
138300,1989,1,1987.0,32.0,,,1990,32,,,,
138400,1986,25,,,,,1989,25,,,,
138500,1986,31,,,,,1988,6,1989.0,31.0,,
138600,1987,24,,,,,1989,2,1990.0,24.0,,
138700,1986,22,,,,,1988,3,1990.0,22.0,,
138800,1989,1,1987.0,5.0,1986.0,29.0,1990,31,,,,
138900,1986,22,,,,,1989,22,,,,
139000,1988,1,1986.0,24.0,,,1989,20,,,,
139100,1985,24,,,,,1988,24,,,,
139200,1985,26,,,,,1987,5,1988.0,26.0,,
139300,1984,30,,,,,1988,30,,,,
139400,1985,22,,,,,1989,22,,,,
139500,1987,1,1986.0,5.0,1985.0,21.0,1989,21,,,,
139600,1986,23,,,,,1989,23,,,,
139700,1986,30,,,,,1989,30,,,,
139800,1988,8,1987.0,27.0,,,1990,1,1991.0,26.0,,
139900,1987,25,,,,,1991,25,,,,
140000,1987,26,,,,,1991,26,,,,
140100,1986,28,,,,,1989,28,,,,
140200,1987,23,,,,,1990,23,,,,
140300,1987,25,,,,,1990,25,,,,
140400,1988,29,,,,,1990,4,1992.0,29.0,,
140500,1988,28,,,,,1991,1,1992.0,27.0,,
140600,1989,30,,,,,1992,30,,,,
140700,1991,1,1990.0,4.0,1989.0,29.0,1993,29,,,,
140800,1985,32,,,,,1988,29,,,,
140900,1984,21,,,,,1987,22,,,,
141000,1985,30,,,,,1988,30,,,,
141100,1986,2,1985.0,21.0,,,1987,5,1989.0,23.0,,
141200,1986,23,,,,,1990,23,,,,
141300,1987,27,,,,,1990,27,,,,
141400,1985,1,1983.0,31.0,,,1986,25,,,,
141500,1983,31,,,,,1985,5,1987.0,31.0,,
141600,1986,2,1985.0,28.0,,,1987,6,1988.0,28.0,,
141700,1984,10,1982.0,32.0,,,1985,2,1986.0,30.0,,
141800,1984,7,1983.0,31.0,,,1987,31,,,,
141900,1983,22,,,,,1987,22,,,,
142000,1985,21,,,,,1988,21,,,,
142100,1988,21,,,,,1990,1,1991.0,21.0,,
142200,1988,36,,,,,1991,28,,,,
142300,1987,26,,,,,1991,26,,,,
142400,1986,32,,,,,1989,32,,,,
142500,1984,23,,,,,1987,23,,,,
142600,1983,25,,,,,1986,25,,,,
142700,1983,27,,,,,1986,27,,,,
142800,1985,1,1984.0,4.0,1983.0,30.0,1986,29,,,,
142900,1983,21,,,,,1986,20,,,,
143000,1985,1,1984.0,23.0,,,1988,24,,,,
143100,1985,28,,,,,1988,28,,,,
143200,1983,26,,,,,1987,26,,,,
143300,1986,24,,,,,1989,25,,,,
143400,1989,4,1988.0,31.0,,,1992,31,,,,
143500,1989,29,,,,,1992,24,,,,
143600,1989,29,,,,,1990,4,1993.0,29.0,,
143700,1988,30,,,,,1992,30,,,,
143800,1987,27,,,,,1989,6,1990.0,27.0,,
143900,1985,1,1983.0,23.0,,,1986,23,,,,
144000,1979,20,,,,,1983,20,,,,
144100,1979,29,,,,,1981,4,1982.0,29.0,,
144200,1979,3,1978.0,30.0,,,1982,31,,,,
144300,1979,2,1978.0,26.0,,,1980,4,1982.0,28.0,,
144400,1981,32,,,,,1984,29,,,,
144500,1981,29,,,,,1983,2,1984.0,29.0,,
144600,1982,25,,,,,1985,25,,,,
144700,1982,21,,,,,1984,3,1985.0,21.0,,
144800,1982,31,,,,,1984,6,1986.0,31.0,,
144900,1984,28,,,,,1988,28,,,,
145000,1984,22,,,,,1988,22,,,,
145100,1985,26,,,,,1988,26,,,,
145200,1984,26,,,,,1987,26,,,,
145300,1984,23,,,,,1986,6,1987.0,1.0,1988.0,22.0
145400,1984,29,,,,,1986,2,1988.0,29.0,,
145500,1984,31,,,,,1987,1,1988.0,30.0,,
145600,1987,28,,,,,1990,28,,,,
145700,1981,25,,,,,1984,22,,,,
145800,1979,1,1977.0,23.0,,,1980,23,,,,
145900,1973,1,1971.0,24.0,,,1974,24,,,,
146000,1970,1,1968.0,22.0,,,1971,22,,,,
146100,1968,30,,,,,1971,30,,,,
146200,1964,29,,,,,1966,5,1967.0,29.0,,
146300,1964,23,,,,,1967,23,,,,
146400,1965,24,,,,,1966,4,1968.0,24.0,,
146500,1967,25,,,,,1971,25,,,,
146600,1968,27,,,,,1970,6,1971.0,27.0,,
146700,1969,22,,,,,1971,3,1973.0,22.0,,
146800,1971,1,1969.0,23.0,,,1972,23,,,,
146900,1969,26,,,,,1970,4,1973.0,26.0,,
147000,1968,26,,,,,1972,26,,,,
147100,1968,25,,,,,1969,4,1970.0,8.0,1971.0,25.0
147200,1966,22,,,,,1970,22,,,,
147300,1970,30,,,,,1973,31,,,,
147400,1972,30,,,,,1975,30,,,,
147500,1974,1,1973.0,22.0,,,1977,23,,,,
147600,1976,28,,,,,1980,28,,,,
147700,1977,22,,,,,1981,22,,,,
147800,1979,1,1977.0,6.0,1976.0,27.0,1980,29,,,,
147900,1976,26,,,,,1980,26,,,,
148000,1978,2,1977.0,27.0,,,1979,5,1980.0,27.0,,
148100,1977,24,,,,,1980,27,,,,
148200,1980,1,1978.0,23.0,,,1981,23,,,,
148300,1978,13,,,,,1980,6,1981.0,23.0,,
148400,1978,3,1977.0,26.0,,,1980,26,,,,
148500,1979,1,1977.0,20.0,,,1980,20,,,,
148600,1979,21,,,,,1982,21,,,,
148700,1981,1,1980.0,27.0,,,1984,27,,,,
148800,1980,25,,,,,1983,25,,,,
148900,1981,4,1980.0,23.0,,,1982,7,1983.0,1.0,1984.0,22.0
149000,1979,25,,,,,1983,27,,,,
149100,1980,26,,,,,1983,26,,,,
149200,1979,32,,,,,1982,30,,,,
149300,1980,23,,,,,1983,1,1984.0,22.0,,
149400,1979,28,,,,,1980,3,1981.0,7.0,1982.0,28.0
149500,1978,21,,,,,1980,7,1982.0,21.0,,
149600,1980,28,,,,,1981,3,1984.0,28.0,,
149700,1980,24,,,,,1983,24,,,,
149800,1978,30,,,,,1982,30,,,,
149900,1980,30,,,,,1982,1,1983.0,30.0,,
150000,1980,29,,,,,1982,7,1983.0,2.0,1984.0,27.0
150100,1980,2,1979.0,25.0,,,1981,2,1983.0,27.0,,
150200,1980,30,,,,,1982,2,1983.0,30.0,,
150300,1980,31,,,,,1982,8,1983.0,31.0,,
150400,1980,21,,,,,1984,21,,,,
150500,1981,1,1979.0,31.0,,,1982,31,,,,
150600,1977,23,,,,,1981,23,,,,
150700,1979,32,,,,,1982,26,,,,
150800,1978,27,,,,,1980,6,1982.0,27.0,,
150900,1978,30,,,,,1981,30,,,,
151000,1978,23,,,,,1981,23,,,,
151100,1978,4,1977.0,30.0,,,1981,30,,,,
151200,1977,22,,,,,1980,22,,,,
151300,1976,23,,,,,1977,2,1979.0,23.0,,
151400,1976,20,,,,,1979,1,1980.0,20.0,,
151500,1977,1,1976.0,30.0,,,1978,5,1980.0,31.0,,
151600,1979,3,1977.0,26.0,,,1981,26,,,,
151700,1977,1,1976.0,28.0,,,1980,29,,,,
151800,1977,27,,,,,1980,27,,,,
151900,1976,30,,,,,1980,31,,,,
152000,1980,1,1978.0,26.0,,,1981,26,,,,
152100,1977,32,,,,,1981,32,,,,
152200,1975,23,,,,,1978,23,,,,
152300,1975,31,,,,,1978,32,,,,
152400,1974,30,,,,,1975,2,1976.0,5.0,1977.0,2.0
152500,1976,32,,,,,1979,32,,,,
152600,1976,27,,,,,1979,1,1980.0,26.0,,
152700,1977,5,1976.0,28.0,,,1979,2,1980.0,26.0,,
152800,1978,3,1976.0,23.0,,,1979,23,,,,
152900,1976,23,,,,,1979,23,,,,
153000,1978,25,,,,,1981,25,,,,
153100,1978,37,,,,,1981,30,,,,
153200,1979,22,,,,,1982,22,,,,
153300,1979,29,,,,,1982,29,,,,
153400,1977,27,,,,,1978,2,1979.0,4.0,1980.0,27.0
153500,1976,28,,,,,1979,28,,,,
153600,1977,6,1976.0,21.0,,,1979,1,1980.0,20.0,,
153700,1975,32,,,,,1977,3,1979.0,32.0,,
153800,1980,1,1978.0,26.0,,,1981,26,,,,
153900,1977,20,,,,,1981,21,,,,
154000,1976,22,,,,,1977,10,1979.0,22.0,,
154100,1976,23,,,,,1980,23,,,,
154200,1976,29,,,,,1978,4,1979.0,29.0,,
154300,1976,26,,,,,1979,24,,,,
154400,1976,25,,,,,1980,25,,,,
154500,1978,6,1976.0,35.0,,,1979,31,,,,
154600,1976,2,1975.0,25.0,,,1979,27,,,,
154700,1975,23,,,,,1976,1,1977.0,7.0,1979.0,23.0
154800,1977,28,,,,,1979,3,1981.0,29.0,,
154900,1979,4,1978.0,31.0,,,1981,31,,,,
155000,1979,1,1978.0,31.0,,,1982,31,,,,
155100,1976,22,,,,,1979,22,,,,
155200,1978,24,,,,,1980,7,1981.0,24.0,,
155300,1978,2,1977.0,23.0,,,1981,25,,,,
155400,1977,23,,,,,1980,23,,,,
155500,1977,22,,,,,1981,22,,,,
155600,1980,2,1979.0,30.0,,,1983,32,,,,
155700,1980,22,,,,,1983,22,,,,
155800,1981,22,,,,,1984,22,,,,
155900,1980,10,1979.0,27.0,,,1983,29,,,,
156000,1980,1,1979.0,27.0,,,1983,28,,,,
156100,1982,8,1980.0,24.0,,,1983,24,,,,
156200,1978,24,,,,,1979,4,1982.0,25.0,,
156300,1979,1,1978.0,25.0,,,1982,26,,,,
156400,1980,2,1979.0,1.0,1978.0,20.0,1982,21,,,,
156500,1978,2,1977.0,30.0,,,1979,8,1981.0,32.0,,
156600,1978,27,,,,,1981,27,,,,
156700,1979,31,,,,,1982,31,,,,
156800,1978,24,,,,,1981,24,,,,
156900,1977,21,,,,,1980,21,,,,
157000,1978,32,,,,,1982,32,,,,
157100,1980,7,1979.0,27.0,,,1983,27,,,,
157200,1980,23,,,,,1983,23,,,,
157300,1980,30,,,,,1984,30,,,,
157400,1980,27,,,,,1983,27,,,,
157500,1980,28,,,,,1984,28,,,,
157600,1982,1,1980.0,26.0,,,1983,26,,,,
157700,1979,24,,,,,1982,24,,,,
157800,1980,4,1979.0,25.0,,,1983,25,,,,
157900,1978,27,,,,,1979,5,1981.0,27.0,,
158000,1978,25,,,,,1979,1,1980.0,4.0,1982.0,25.0
158100,1977,27,,,,,1980,2,1981.0,25.0,,
158200,1977,32,,,,,1980,32,,,,
158300,1977,28,,,,,1980,22,,,,
158400,1975,30,,,,,1977,6,1978.0,30.0,,
158500,1975,25,,,,,1977,4,1979.0,26.0,,
158600,1975,28,,,,,1977,6,1978.0,28.0,,
158700,1975,26,,,,,1978,26,,,,
158800,1976,22,,,,,1979,22,,,,
158900,1974,21,,,,,1978,21,,,,
159000,1975,32,,,,,1979,32,,,,
159100,1975,24,,,,,1978,24,,,,
159200,1974,22,,,,,1978,22,,,,
159300,1974,30,,,,,1977,24,,,,
159400,1973,21,,,,,1975,6,1977.0,21.0,,
159500,1973,25,,,,,1976,26,,,,
159600,1974,20,,,,,1976,1,1978.0,20.0,,
159700,1972,26,,,,,1976,26,,,,
159800,1972,23,,,,,1976,23,,,,
159900,1972,30,,,,,1975,2,1976.0,28.0,,
160000,1972,1,1971.0,26.0,,,1975,26,,,,
160100,1971,25,,,,,1974,2,1975.0,23.0,,
160200,1970,27,,,,,1973,1,1974.0,27.0,,
160300,1973,1,1971.0,30.0,,,1974,30,,,,
160400,1973,3,1972.0,30.0,,,1976,30,,,,
160500,1972,20,,,,,1976,20,,,,
160600,1974,3,1973.0,26.0,,,1976,26,,,,
160700,1975,26,,,,,1976,6,1978.0,27.0,,
160800,1975,27,,,,,1979,27,,,,
160900,1976,27,,,,,1979,27,,,,
161000,1976,26,,,,,1980,26,,,,
161100,1977,28,,,,,1980,28,,,,
161200,1977,27,,,,,1978,3,1980.0,2.0,1981.0,25.0
161300,1977,24,,,,,1981,24,,,,
161400,1979,29,,,,,1982,29,,,,
161500,1978,27,,,,,1980,2,1981.0,27.0,,
161600,1978,29,,,,,1981,24,,,,
161700,1980,1,1978.0,25.0,,,1981,25,,,,
161800,1978,30,,,,,1980,8,1982.0,31.0,,
161900,1979,8,1978.0,21.0,,,1982,21,,,,
162000,1978,20,,,,,1981,20,,,,
162100,1978,35,,,,,1981,31,,,,
162200,1978,30,,,,,1981,30,,,,
162300,1977,23,,,,,1980,23,,,,
162400,1977,29,,,,,1980,1,1981.0,29.0,,
162500,1977,20,,,,,1980,20,,,,
162600,1977,24,,,,,1980,24,,,,
162700,1975,30,,,,,1978,22,,,,
162800,1974,29,,,,,1977,29,,,,
162900,1976,8,1975.0,28.0,,,1979,30,,,,
163000,1976,30,,,,,1979,30,,,,
163100,1977,23,,,,,1978,2,1980.0,23.0,,
163200,1978,1,1975.0,22.0,,,1979,22,,,,
163300,1979,1,1977.0,27.0,,,1980,27,,,,
163400,1978,5,1977.0,24.0,,,1980,24,,,,
163500,1977,27,,,,,1980,27,,,,
163600,1978,23,,,,,1980,2,1982.0,23.0,,
163700,1978,31,,,,,1981,31,,,,
163800,1978,29,,,,,1980,6,1981.0,29.0,,
163900,1979,25,,,,,1982,25,,,,
164000,1980,3,1979.0,27.0,,,1982,27,,,,
164100,1977,25,,,,,1981,25,,,,
164200,1978,28,,,,,1981,28,,,,
164300,1979,26,,,,,1981,5,1982.0,26.0,,
164400,1980,32,,,,,1983,32,,,,
164500,1980,25,,,,,1982,2,1983.0,25.0,,
164600,1979,28,,,,,1982,1,1983.0,27.0,,
164700,1979,31,,,,,1982,31,,,,
164800,1981,31,,,,,1984,25,,,,
164900,1981,27,,,,,1982,3,1984.0,24.0,,
165000,1981,23,,,,,1984,23,,,,
165100,1981,2,1980.0,29.0,,,1984,29,,,,
165200,1982,3,1981.0,30.0,,,1985,30,,,,
165300,1982,22,,,,,1985,22,,,,
165400,1981,25,,,,,1984,25,,,,
165500,1981,24,,,,,1983,7,1984.0,24.0,,
165600,1982,30,,,,,1985,30,,,,
165700,1982,31,,,,,1984,3,1985.0,31.0,,
165800,1981,23,,,,,1984,1,1985.0,22.0,,
165900,1982,20,,,,,1986,20,,,,
166000,1984,6,1982.0,25.0,,,1986,25,,,,
166100,1983,30,,,,,1987,30,,,,
166200,1985,2,1984.0,29.0,,,1986,4,1988.0,31.0,,
166300,1984,33,,,,,1987,27,,,,
166400,1985,26,,,,,1988,24,,,,
166500,1984,31,,,,,1987,23,,,,
166600,1985,25,,,,,1986,3,1989.0,25.0,,
166700,1986,29,,,,,1989,30,,,,
166800,1986,24,,,,,1989,1,1990.0,23.0,,
166900,1987,28,,,,,1990,28,,,,
167000,1986,30,,,,,1989,2,1990.0,28.0,,
167100,1987,28,,,,,1990,29,,,,
167200,1987,24,,,,,1990,24,,,,
167300,1987,30,,,,,1990,30,,,,
167400,1984,30,,,,,1987,30,,,,
167500,1985,29,,,,,1988,29,,,,
167600,1985,28,,,,,1989,28,,,,
167700,1986,25,,,,,1989,24,,,,
167800,1988,1,1986.0,32.0,,,1989,32,,,,
167900,1986,28,,,,,1990,28,,,,
168000,1985,25,,,,,1987,2,1988.0,25.0,,
168100,1984,29,,,,,1987,29,,,,
168200,1982,21,,,,,1985,21,,,,
168300,1984,25,,,,,1986,3,1987.0,25.0,,
168400,1984,27,,,,,1987,27,,,,
168500,1984,26,,,,,1987,24,,,,
168600,1984,1,1983.0,29.0,,,1987,29,,,,
168700,1982,29,,,,,1986,29,,,,
168800,1982,33,,,,,1985,25,,,,
168900,1983,21,,,,,1985,1,1987.0,21.0,,
169000,1983,25,,,,,1985,8,1987.0,25.0,,
169100,1983,29,,,,,1987,29,,,,
169200,1981,27,,,,,1982,1,1983.0,3.0,1985.0,27.0
169300,1981,31,,,,,1982,3,1985.0,31.0,,
169400,1981,25,,,,,1984,25,,,,
169500,1983,8,1982.0,1.0,1981.0,27.0,1985,28,,,,
169600,1984,1,1982.0,29.0,,,1985,29,,,,
169700,1982,26,,,,,1984,4,1985.0,26.0,,
169800,1980,28,,,,,1983,28,,,,
169900,1982,1,1980.0,1.0,1979.0,30.0,1983,31,,,,
170000,1980,31,,,,,1982,2,1984.0,31.0,,
170100,1980,23,,,,,1983,23,,,,
170200,1977,23,,,,,1981,23,,,,
170300,1978,25,,,,,1981,25,,,,
170400,1980,1,1978.0,27.0,,,1982,27,,,,
170500,1978,23,,,,,1981,23,,,,
170600,1979,29,,,,,1982,29,,,,
170700,1979,20,,,,,1983,20,,,,
170800,1980,33,,,,,1983,25,,,,
170900,1979,31,,,,,1981,4,1982.0,2.0,1983.0,29.0
171000,1980,26,,,,,1984,26,,,,
171100,1979,24,,,,,1981,2,1983.0,24.0,,
171200,1978,6,1977.0,25.0,,,1981,25,,,,
171300,1979,1,1976.0,28.0,,,1980,28,,,,
171400,1977,21,,,,,1980,21,,,,
171500,1977,32,,,,,1980,32,,,,
171600,1977,25,,,,,1980,25,,,,
171700,1977,28,,,,,1979,7,1980.0,28.0,,
171800,1976,1,1975.0,28.0,,,1979,29,,,,
171900,1975,25,,,,,1978,25,,,,
172000,1975,22,,,,,1978,22,,,,
172100,1975,30,,,,,1978,30,,,,
172200,1975,30,,,,,1977,8,1979.0,30.0,,
172300,1974,27,,,,,1976,3,1978.0,27.0,,
172400,1976,23,,,,,1979,23,,,,
172500,1975,23,,,,,1979,23,,,,
172600,1975,30,,,,,1978,30,,,,
172700,1974,27,,,,,1978,27,,,,
172800,1975,25,,,,,1978,25,,,,
172900,1976,2,1975.0,29.0,,,1979,29,,,,
173000,1979,1,1976.0,27.0,,,1980,27,,,,
173100,1977,24,,,,,1980,24,,,,
173200,1977,25,,,,,1980,25,,,,
173300,1976,26,,,,,1980,26,,,,
173400,1977,30,,,,,1980,2,1981.0,28.0,,
173500,1976,23,,,,,1979,2,1980.0,21.0,,
173600,1980,1,1978.0,25.0,,,1981,25,,,,
173700,1978,23,,,,,1980,7,1981.0,23.0,,
173800,1977,22,,,,,1980,22,,,,
173900,1976,22,,,,,1980,22,,,,
174000,1977,27,,,,,1980,27,,,,
174100,1977,1,1975.0,32.0,,,1978,31,,,,
174200,1974,30,,,,,1977,2,1978.0,28.0,,
174300,1973,25,,,,,1977,25,,,,
174400,1972,27,,,,,1973,3,1975.0,27.0,,
174500,1973,31,,,,,1976,31,,,,
174600,1972,28,,,,,1976,28,,,,
174700,1974,2,1972.0,28.0,,,1976,28,,,,
174800,1972,28,,,,,1975,28,,,,
174900,1972,30,,,,,1974,4,1975.0,30.0,,
175000,1972,30,,,,,1975,28,,,,
175100,1973,25,,,,,1976,25,,,,
175200,1972,27,,,,,1974,1,1975.0,27.0,,
175300,1972,34,,,,,1975,28,,,,
175400,1971,28,,,,,1974,28,,,,
175500,1970,23,,,,,1973,23,,,,
175600,1971,1,1969.0,24.0,,,1972,24,,,,
175700,1968,24,,,,,1970,8,1971.0,24.0,,
175800,1969,10,1968.0,23.0,,,1972,25,,,,
175900,1969,22,,,,,1972,22,,,,
176000,1970,1,1969.0,24.0,,,1971,4,1973.0,26.0,,
176100,1982,1,1979.0,26.0,,,1983,26,,,,
176200,1979,22,,,,,1983,22,,,,
176300,1979,7,1978.0,21.0,,,1982,21,,,,
176400,1980,29,,,,,1983,27,,,,
176500,1980,27,,,,,1983,23,,,,
176600,1980,32,,,,,1983,32,,,,
176700,1981,30,,,,,1983,8,1984.0,30.0,,
176800,1981,29,,,,,1984,29,,,,
176900,1980,23,,,,,1981,2,1984.0,23.0,,
177000,1981,21,,,,,1983,4,1984.0,21.0,,
177100,1981,30,,,,,1983,1,1984.0,30.0,,
177200,1982,20,,,,,1985,21,,,,
177300,1982,29,,,,,1983,2,1986.0,29.0,,
177400,1983,3,1982.0,23.0,,,1985,1,1986.0,22.0,,
177500,1982,27,,,,,1984,4,1985.0,27.0,,
177600,1983,22,,,,,1986,22,,,,
177700,1983,23,,,,,1986,23,,,,
177800,1983,20,,,,,1986,20,,,,
177900,1982,30,,,,,1986,30,,,,
178000,1982,25,,,,,1986,25,,,,
178100,1984,4,1983.0,22.0,,,1986,22,,,,
178200,1985,1,1983.0,34.0,,,1986,26,,,,
178300,1984,27,,,,,1987,27,,,,
178400,1984,23,,,,,1986,4,1988.0,23.0,,
178500,1984,24,,,,,1986,8,1987.0,24.0,,
178600,1985,22,,,,,1988,22,,,,
178700,1985,14,,,,,1988,21,,,,
178800,1984,25,,,,,1985,4,1988.0,25.0,,
178900,1984,20,,,,,1988,20,,,,
179000,1985,29,,,,,1988,29,,,,
179100,1985,30,,,,,1988,30,,,,
179200,1984,23,,,,,1987,1,1988.0,22.0,,
179300,1985,23,,,,,1989,23,,,,
179400,1985,8,1984.0,20.0,,,1988,20,,,,
179500,1987,1,1985.0,23.0,,,1988,23,,,,
179600,1985,22,,,,,1986,7,1989.0,22.0,,
179700,1985,30,,,,,1988,30,,,,
179800,1984,26,,,,,1988,26,,,,
179900,1985,1,1984.0,30.0,,,1988,31,,,,
180000,1984,23,,,,,1985,1,1988.0,23.0,,
180100,1982,26,,,,,1986,26,,,,
180200,1984,24,,,,,1987,24,,,,
180300,1986,1,1984.0,29.0,,,1988,29,,,,
180400,1983,22,,,,,1987,22,,,,
180500,1984,22,,,,,1987,23,,,,
180600,1985,21,,,,,1988,25,,,,
180700,1986,1,1985.0,25.0,,,1987,3,1989.0,26.0,,
180800,1985,30,,,,,1988,30,,,,
180900,1985,3,1984.0,23.0,,,1988,23,,,,
181000,1984,27,,,,,1988,27,,,,
181100,1984,29,,,,,1987,29,,,,
181200,1986,1,1984.0,27.0,,,1987,27,,,,
181300,1982,32,,,,,1985,29,,,,
181400,1982,24,,,,,1986,25,,,,
181500,1982,31,,,,,1985,29,,,,
181600,1982,28,,,,,1985,1,1986.0,27.0,,
181700,1985,5,1984.0,26.0,,,1988,26,,,,
181800,1984,27,,,,,1986,7,1987.0,27.0,,
181900,1984,22,,,,,1987,22,,,,
182000,1984,23,,,,,1988,23,,,,
182100,1984,2,1983.0,29.0,,,1987,31,,,,
182200,1983,25,,,,,1987,25,,,,
182300,1984,29,,,,,1987,29,,,,
182400,1984,22,,,,,1987,25,,,,
182500,1983,5,1982.0,30.0,,,1986,31,,,,
182600,1982,25,,,,,1986,25,,,,
182700,1982,27,,,,,1986,27,,,,
182800,1982,24,,,,,1984,5,1985.0,24.0,,
182900,1984,7,1983.0,28.0,,,1986,28,,,,
183000,1984,21,,,,,1986,3,1987.0,21.0,,
183100,1985,25,,,,,1988,25,,,,
183200,1983,21,,,,,1987,21,,,,
183300,1986,1,1984.0,30.0,,,1987,30,,,,
183400,1985,29,,,,,1988,30,,,,
183500,1986,29,,,,,1989,29,,,,
183600,1986,24,,,,,1989,24,,,,
183700,1987,2,1986.0,29.0,,,1990,31,,,,
183800,1986,22,,,,,1988,3,1989.0,22.0,,
183900,1985,27,,,,,1988,2,1989.0,25.0,,
184000,1988,9,1986.0,22.0,,,1989,22,,,,
184100,1987,26,,,,,1990,26,,,,
184200,1987,22,,,,,1989,1,1991.0,23.0,,
184300,1988,25,,,,,1990,5,1991.0,25.0,,
184400,1988,29,,,,,1992,29,,,,
184500,1988,28,,,,,1990,2,1991.0,28.0,,
184600,1988,26,,,,,1992,26,,,,
184700,1988,24,,,,,1991,24,,,,
184800,1988,25,,,,,1990,3,1992.0,25.0,,
184900,1989,8,1988.0,29.0,,,1991,2,1992.0,27.0,,
185000,1988,29,,,,,1992,29,,,,
185100,1987,22,,,,,1991,22,,,,
185200,1987,32,,,,,1989,4,1991.0,32.0,,
185300,1987,25,,,,,1990,25,,,,
185400,1987,22,,,,,1990,22,,,,
185500,1987,37,,,,,1990,30,,,,
185600,1988,30,,,,,1991,30,,,,
185700,1987,25,,,,,1989,8,1991.0,25.0,,
185800,1987,30,,,,,1991,30,,,,
185900,1987,31,,,,,1989,5,1990.0,31.0,,
186000,1986,30,,,,,1988,1,1989.0,30.0,,
186100,1986,26,,,,,1989,26,,,,
186200,1986,25,,,,,1989,25,,,,
186300,1986,25,,,,,1988,5,1989.0,25.0,,
186400,1986,30,,,,,1989,30,,,,
186500,1985,22,,,,,1987,2,1988.0,22.0,,
186600,1985,22,,,,,1988,22,,,,
186700,1985,27,,,,,1989,27,,,,
186800,1985,30,,,,,1988,30,,,,
186900,1986,29,,,,,1990,29,,,,
187000,1987,22,,,,,1990,22,,,,
187100,1987,32,,,,,1990,32,,,,
187200,1987,24,,,,,1990,24,,,,
187300,1990,1,1988.0,2.0,1987.0,22.0,1991,24,,,,
187400,1988,26,,,,,1991,22,,,,
187500,1991,8,1989.0,20.0,,,1992,20,,,,
187600,1989,24,,,,,1992,24,,,,
187700,1988,25,,,,,1990,5,1992.0,25.0,,
187800,1988,28,,,,,1991,28,,,,
187900,1989,29,,,,,1992,29,,,,
188000,1989,6,1988.0,22.0,,,1992,22,,,,
188100,1989,1,1988.0,31.0,,,1992,31,,,,
188200,1988,23,,,,,1991,23,,,,
188300,1988,28,,,,,1990,4,1991.0,28.0,,
188400,1987,26,,,,,1990,27,,,,
188500,1987,22,,,,,1989,3,1991.0,22.0,,
188600,1987,23,,,,,1990,23,,,,
188700,1990,1,1988.0,36.0,,,1991,29,,,,
188800,1991,3,1989.0,24.0,,,1992,24,,,,
188900,1992,1,1990.0,23.0,,,1993,23,,,,
189000,1989,24,,,,,1993,24,,,,
189100,1989,4,1988.0,22.0,,,1992,22,,,,
189200,1988,29,,,,,1992,29,,,,
189300,1989,33,,,,,1992,29,,,,
189400,1990,1,1988.0,25.0,,,1992,25,,,,
189500,1987,31,,,,,1991,31,,,,
189600,1987,30,,,,,1989,2,1991.0,30.0,,
189700,1988,32,,,,,1991,28,,,,
189800,1991,1,1988.0,23.0,,,1992,23,,,,
189900,1988,31,,,,,1991,31,,,,
190000,1989,29,,,,,1992,29,,,,
190100,1988,30,,,,,1991,24,,,,
190200,1988,31,,,,,1991,31,,,,
190300,1989,22,,,,,1992,22,,,,
190400,1989,28,,,,,1992,28,,,,
190500,1988,21,,,,,1989,6,1991.0,21.0,,
190600,1988,23,,,,,1990,4,1991.0,23.0,,
190700,1987,23,,,,,1990,23,,,,
190800,1988,6,1987.0,26.0,,,1991,26,,,,
190900,1987,21,,,,,1991,21,,,,
191000,1988,23,,,,,1991,23,,,,
191100,1987,28,,,,,1990,28,,,,
191200,1987,21,,,,,1989,7,1990.0,21.0,,
191300,1986,40,,,,,1989,32,,,,
191400,1986,30,,,,,1989,29,,,,
191500,1985,21,,,,,1989,21,,,,
191600,1985,30,,,,,1989,31,,,,
191700,1985,21,,,,,1988,21,,,,
191800,1985,24,,,,,1988,1,1989.0,23.0,,
191900,1986,8,1985.0,27.0,,,1989,27,,,,
192000,1987,4,1986.0,31.0,,,1989,31,,,,
192100,1984,27,,,,,1985,3,1988.0,27.0,,
192200,1987,1,1985.0,28.0,,,1988,21,,,,
192300,1984,24,,,,,1988,24,,,,
192400,1984,14,,,,,1987,22,,,,
192500,1984,32,,,,,1987,32,,,,
192600,1984,27,,,,,1987,27,,,,
192700,1984,26,,,,,1987,26,,,,
192800,1985,4,1984.0,28.0,,,1987,28,,,,
192900,1983,23,,,,,1985,2,1987.0,23.0,,
193000,1984,26,,,,,1987,26,,,,
193100,1984,28,,,,,1985,4,1988.0,28.0,,
193200,1984,25,,,,,1988,25,,,,
193300,1984,24,,,,,1987,24,,,,
193400,1985,29,,,,,1988,29,,,,
193500,1984,22,,,,,1987,22,,,,
193600,1984,23,,,,,1986,3,1987.0,23.0,,
193700,1984,30,,,,,1987,30,,,,
193800,1983,29,,,,,1985,3,1987.0,29.0,,
193900,1983,21,,,,,1986,21,,,,
194000,1983,37,,,,,1986,31,,,,
194100,1983,24,,,,,1986,24,,,,
194200,1983,20,,,,,1987,20,,,,
194300,1983,26,,,,,1986,26,,,,
194400,1983,28,,,,,1986,28,,,,
194500,1982,28,,,,,1985,28,,,,
194600,1981,25,,,,,1983,5,1984.0,25.0,,
194700,1981,23,,,,,1983,4,1984.0,23.0,,
194800,1984,1,1982.0,35.0,,,1985,29,,,,
194900,1980,25,,,,,1982,1,1983.0,25.0,,
195000,1981,26,,,,,1983,8,1984.0,26.0,,
195100,1980,22,,,,,1983,22,,,,
195200,1982,24,,,,,1985,24,,,,
195300,1987,2,1986.0,22.0,,,1990,22,,,,
195400,1987,25,,,,,1991,25,,,,
195500,1988,5,1987.0,20.0,,,1991,20,,,,
195600,1989,7,1988.0,28.0,,,1990,3,1992.0,28.0,,
195700,1989,5,1988.0,25.0,,,1990,8,1991.0,25.0,,
195800,1986,27,,,,,1989,27,,,,
195900,1987,30,,,,,1989,6,1990.0,30.0,,
196000,1988,1,1986.0,20.0,,,1990,20,,,,
196100,1987,30,,,,,1989,5,1990.0,2.0,1991.0,29.0
196200,1988,2,1987.0,29.0,,,1991,31,,,,
196300,1989,23,,,,,1992,23,,,,
196400,1989,23,,,,,1992,24,,,,
196500,1990,32,,,,,1993,32,,,,
196600,1992,1,1990.0,22.0,,,1993,22,,,,
196700,1990,3,1989.0,29.0,,,1993,29,,,,
196800,1989,19,,,,,1992,24,,,,
196900,1988,27,,,,,1991,1,1992.0,26.0,,
197000,1989,1,1988.0,23.0,,,1992,24,,,,
197100,1987,23,,,,,1990,23,,,,
197200,1987,30,,,,,1990,30,,,,
197300,1987,24,,,,,1989,1,1991.0,24.0,,
197400,1986,23,,,,,1989,21,,,,
197500,1985,24,,,,,1988,24,,,,
197600,1986,8,1985.0,22.0,,,1989,23,,,,
197700,1985,27,,,,,1987,6,1988.0,27.0,,
197800,1986,24,,,,,1989,24,,,,
197900,1987,25,,,,,1990,24,,,,
198000,1985,26,,,,,1987,1,1989.0,26.0,,
198100,1987,1,1985.0,26.0,,,1988,26,,,,
198200,1987,3,1985.0,21.0,,,1988,1,1989.0,20.0,,
198300,1985,22,,,,,1989,22,,,,
198400,1984,26,,,,,1985,1,1986.0,2.0,1988.0,26.0
198500,1984,28,,,,,1988,28,,,,
198600,1984,26,,,,,1986,2,1988.0,26.0,,
198700,1984,24,,,,,1988,24,,,,
198800,1985,21,,,,,1987,8,1988.0,21.0,,
198900,1987,1,1985.0,2.0,1984.0,20.0,1988,22,,,,
199000,1985,5,1984.0,23.0,,,1988,24,,,,
199100,1985,26,,,,,1988,26,,,,
199200,1984,22,,,,,1986,3,1988.0,22.0,,
199300,1985,28,,,,,1988,28,,,,
199400,1985,6,1984.0,26.0,,,1988,26,,,,
199500,1985,1,1984.0,29.0,,,1986,1,1988.0,30.0,,
199600,1985,23,,,,,1987,6,1988.0,23.0,,
199700,1985,28,,,,,1987,8,1989.0,28.0,,
199800,1985,24,,,,,1988,24,,,,
199900,1984,21,,,,,1986,1,1987.0,22.0,,
200000,1983,23,,,,,1985,5,1987.0,23.0,,
200100,1983,27,,,,,1984,4,1985.0,8.0,1986.0,27.0
200200,1983,22,,,,,1986,22,,,,
200300,1983,28,,,,,1986,28,,,,
200400,1983,30,,,,,1986,30,,,,
200500,1982,30,,,,,1986,30,,,,
200600,1983,2,1982.0,25.0,,,1986,27,,,,
200700,1983,27,,,,,1986,27,,,,
200800,1984,1,1983.0,24.0,,,1987,24,,,,
200900,1984,21,,,,,1988,21,,,,
201000,1985,1,1984.0,30.0,,,1988,31,,,,
201100,1984,33,,,,,1987,31,,,,
201200,1983,31,,,,,1986,25,,,,
201300,1984,25,,,,,1987,25,,,,
201400,1984,32,,,,,1987,32,,,,
201500,1983,23,,,,,1986,23,,,,
201600,1985,1,1983.0,31.0,,,1986,30,,,,
201700,1984,39,,,,,1987,31,,,,
201800,1985,24,,,,,1987,1,1988.0,24.0,,
201900,1985,27,,,,,1987,1,1989.0,27.0,,
202000,1986,1,1985.0,24.0,,,1989,25,,,,
202100,1987,1,1984.0,23.0,,,1988,23,,,,
202200,1984,29,,,,,1986,8,1987.0,29.0,,
202300,1984,32,,,,,1987,2,1988.0,30.0,,
202400,1985,35,,,,,1988,29,,,,
202500,1984,27,,,,,1988,27,,,,
202600,1987,3,1985.0,25.0,,,1988,25,,,,
202700,1984,31,,,,,1988,31,,,,
202800,1981,23,,,,,1984,23,,,,
202900,1983,31,,,,,1986,31,,,,
203000,1984,31,,,,,1986,7,1987.0,31.0,,
203100,1984,27,,,,,1987,27,,,,
203200,1984,23,,,,,1985,2,1988.0,23.0,,
203300,1985,22,,,,,1988,22,,,,
203400,1984,23,,,,,1988,23,,,,
203500,1986,29,,,,,1989,29,,,,
203600,1985,22,,,,,1986,2,1987.0,8.0,1988.0,22.0
203700,1986,26,,,,,1989,26,,,,
203800,1985,28,,,,,1988,23,,,,
203900,1987,3,1986.0,26.0,,,1990,27,,,,
204000,1983,2,1982.0,22.0,,,1985,22,,,,
204100,1982,32,,,,,1984,3,1986.0,32.0,,
204200,1985,4,1983.0,32.0,,,1986,32,,,,
204300,1982,30,,,,,1985,30,,,,
204400,1980,23,,,,,1984,23,,,,
204500,1980,2,1979.0,28.0,,,1983,30,,,,
204600,1980,3,1979.0,35.0,,,1982,28,,,,
204700,1978,24,,,,,1981,24,,,,
204800,1978,30,,,,,1979,1,1982.0,30.0,,
204900,1979,1,1977.0,28.0,,,1981,28,,,,
205000,1976,22,,,,,1977,4,1979.0,22.0,,
205100,1977,4,1976.0,32.0,,,1979,27,,,,
205200,1975,26,,,,,1978,2,1979.0,24.0,,
205300,1974,30,,,,,1978,30,,,,
205400,1974,2,1973.0,20.0,,,1977,21,,,,
205500,1974,26,,,,,1977,25,,,,
205600,1972,28,,,,,1976,28,,,,
205700,1973,32,,,,,1976,28,,,,
205800,1972,26,,,,,1975,1,1976.0,25.0,,
205900,1971,21,,,,,1975,21,,,,
206000,1971,27,,,,,1974,26,,,,
206100,1971,25,,,,,1975,25,,,,
206200,1969,21,,,,,1971,7,1972.0,21.0,,
206300,1970,14,,,,,1973,20,,,,
206400,1972,20,,,,,1975,20,,,,
206500,1971,26,,,,,1973,7,1975.0,26.0,,
206600,1971,4,1970.0,26.0,,,1974,27,,,,
206700,1971,26,,,,,1972,5,1973.0,6.0,1974.0,26.0
206800,1971,38,,,,,1974,31,,,,
206900,1971,29,,,,,1974,29,,,,
207000,1971,22,,,,,1974,2,1975.0,20.0,,
207100,1971,22,,,,,1975,22,,,,
207200,1970,19,,,,,1974,20,,,,
207300,1969,24,,,,,1973,25,,,,
207400,1970,22,,,,,1972,8,1973.0,22.0,,
207500,1970,23,,,,,1973,23,,,,
207600,1970,31,,,,,1973,31,,,,
207700,1972,1,1969.0,26.0,,,1973,26,,,,
207800,1969,8,1968.0,22.0,,,1972,23,,,,
207900,1967,32,,,,,1969,4,1970.0,32.0,,
208000,1964,22,,,,,1968,22,,,,
208100,1963,2,1962.0,28.0,,,1966,28,,,,
208200,1963,1,1961.0,27.0,,,1964,27,,,,
208300,1960,21,,,,,1963,21,,,,
208400,1959,1,1958.0,27.0,,,1960,3,1962.0,29.0,,
208500,1956,31,,,,,1959,31,,,,
208600,1955,27,,,,,1959,27,,,,
208700,1956,20,,,,,1960,20,,,,
208800,1956,22,,,,,1959,22,,,,
208900,1954,22,,,,,1956,6,1958.0,22.0,,
209000,1955,21,,,,,1958,21,,,,
209100,1955,28,,,,,1958,28,,,,
209200,1956,6,1955.0,25.0,,,1958,1,1959.0,24.0,,
209300,1955,21,,,,,1958,21,,,,
209400,1957,23,,,,,1960,23,,,,
209500,1956,24,,,,,1960,24,,,,
209600,1955,28,,,,,1956,1,1957.0,1.0,1959.0,28.0
209700,1952,27,,,,,1954,6,1955.0,32.0,,
209800,1953,4,1951.0,22.0,,,1955,22,,,,
209900,1953,26,,,,,1955,1,1957.0,26.0,,
210000,1953,26,,,,,1954,3,1956.0,26.0,,
210100,1954,5,1952.0,21.0,,,1955,21,,,,
210200,1953,27,,,,,1957,27,,,,
210300,1952,26,,,,,1955,26,,,,
210400,1951,29,,,,,1955,29,,,,
210500,1954,1,1953.0,2.0,1952.0,25.0,1955,25,,,,
210600,1952,26,,,,,1956,26,,,,
210700,1954,26,,,,,1956,6,1957.0,26.0,,
210800,1952,29,,,,,1956,29,,,,
210900,1956,29,,,,,1959,30,,,,
211000,1955,37,,,,,1958,31,,,,
211100,1955,35,,,,,1958,29,,,,
211200,1955,37,,,,,1958,29,,,,
211300,1956,1,1954.0,25.0,,,1957,25,,,,
211400,1954,27,,,,,1957,28,,,,
211500,1955,29,,,,,1958,29,,,,
211600,1956,30,,,,,1959,30,,,,
211700,1956,29,,,,,1959,29,,,,
211800,1958,20,,,,,1961,20,,,,
211900,1958,27,,,,,1961,27,,,,
212000,1957,22,,,,,1961,22,,,,
212100,1959,2,1958.0,26.0,,,1961,26,,,,
212200,1960,25,,,,,1963,25,,,,
212300,1960,20,,,,,1962,3,1963.0,20.0,,
212400,1960,28,,,,,1963,28,,,,
212500,1963,1,1961.0,22.0,,,1964,22,,,,
212600,1960,21,,,,,1963,21,,,,
212700,1961,26,,,,,1965,26,,,,
212800,1960,23,,,,,1963,23,,,,
212900,1960,23,,,,,1963,23,,,,
213000,1960,21,,,,,1963,21,,,,
213100,1960,28,,,,,1963,28,,,,
213200,1960,26,,,,,1963,26,,,,
213300,1961,27,,,,,1963,2,1964.0,27.0,,
213400,1962,2,1961.0,22.0,,,1965,24,,,,
213500,1962,23,,,,,1966,23,,,,
213600,1961,24,,,,,1965,24,,,,
213700,1962,29,,,,,1965,29,,,,
213800,1963,32,,,,,1965,5,1966.0,32.0,,
213900,1963,34,,,,,1966,30,,,,
214000,1962,30,,,,,1966,30,,,,
214100,1962,27,,,,,1965,27,,,,
214200,1963,30,,,,,1966,30,,,,
214300,1962,1,1961.0,28.0,,,1965,29,,,,
214400,1961,29,,,,,1963,3,1965.0,29.0,,
214500,1963,1,1961.0,24.0,,,1964,24,,,,
214600,1964,2,1963.0,23.0,,,1966,23,,,,
214700,1963,6,1962.0,30.0,,,1966,32,,,,
214800,1962,30,,,,,1963,3,1965.0,30.0,,
214900,1962,23,,,,,1965,24,,,,
215000,1963,23,,,,,1966,23,,,,
215100,1962,26,,,,,1966,26,,,,
215200,1962,28,,,,,1963,5,1965.0,26.0,,
215300,1962,31,,,,,1965,31,,,,
215400,1963,26,,,,,1964,3,1965.0,5.0,1966.0,26.0
215500,1963,2,1962.0,22.0,,,1966,24,,,,
215600,1964,27,,,,,1967,27,,,,
215700,1965,27,,,,,1967,6,1969.0,27.0,,
215800,1963,31,,,,,1966,31,,,,
215900,1962,1,1961.0,20.0,,,1963,5,1965.0,21.0,,
216000,1963,22,,,,,1966,22,,,,
216100,1963,26,,,,,1967,26,,,,
216200,1961,21,,,,,1964,21,,,,
216300,1961,22,,,,,1964,21,,,,
216400,1962,1,1961.0,28.0,,,1965,28,,,,
216500,1961,31,,,,,1964,32,,,,
216600,1961,27,,,,,1964,1,1965.0,26.0,,
216700,1961,29,,,,,1962,1,1965.0,29.0,,
216800,1961,30,,,,,1964,30,,,,
216900,1962,2,1961.0,26.0,,,1963,7,1965.0,28.0,,
217000,1962,23,,,,,1965,23,,,,
217100,1962,26,,,,,1963,3,1966.0,26.0,,
217200,1964,1,1962.0,25.0,,,1965,25,,,,
217300,1964,1,1962.0,22.0,,,1965,22,,,,
217400,1961,31,,,,,1964,31,,,,
217500,1962,24,,,,,1965,24,,,,
217600,1962,20,,,,,1965,22,,,,
217700,1962,25,,,,,1965,25,,,,
217800,1963,25,,,,,1966,25,,,,
217900,1962,7,1961.0,21.0,,,1965,22,,,,
218000,1962,25,,,,,1964,3,1965.0,25.0,,
218100,1961,28,,,,,1964,28,,,,
218200,1960,21,,,,,1963,21,,,,
218300,1960,22,,,,,1964,22,,,,
218400,1962,1,1960.0,29.0,,,1963,29,,,,
218500,1960,23,,,,,1963,23,,,,
218600,1959,27,,,,,1961,3,1962.0,27.0,,
218700,1960,24,,,,,1962,3,1963.0,24.0,,
218800,1959,28,,,,,1962,28,,,,
218900,1960,22,,,,,1963,22,,,,
219000,1961,2,1960.0,26.0,,,1964,26,,,,
219100,1959,27,,,,,1963,27,,,,
219200,1958,25,,,,,1961,25,,,,
219300,1957,20,,,,,1961,20,,,,
219400,1957,25,,,,,1960,25,,,,
219500,1959,1,1957.0,24.0,,,1960,24,,,,
219600,1959,1,1957.0,23.0,,,1960,23,,,,
219700,1959,1,1958.0,5.0,1957.0,26.0,1960,26,,,,
219800,1958,8,1957.0,23.0,,,1961,23,,,,
219900,1960,1,1958.0,3.0,1957.0,30.0,1961,30,,,,
220000,1958,30,,,,,1961,30,,,,
220100,1960,1,1958.0,27.0,,,1961,27,,,,
220200,1959,2,1958.0,30.0,,,1962,32,,,,
220300,1959,26,,,,,1961,5,1962.0,26.0,,
220400,1958,24,,,,,1960,6,1962.0,24.0,,
220500,1958,23,,,,,1960,5,1962.0,23.0,,
220600,1959,22,,,,,1962,22,,,,
220700,1959,24,,,,,1961,6,1962.0,24.0,,
220800,1959,22,,,,,1962,23,,,,
220900,1959,20,,,,,1962,20,,,,
221000,1960,26,,,,,1963,26,,,,
221100,1961,23,,,,,1964,23,,,,
221200,1961,35,,,,,1964,29,,,,
221300,1962,3,1961.0,26.0,,,1964,26,,,,
221400,1962,25,,,,,1965,25,,,,
221500,1963,1,1961.0,2.0,1960.0,28.0,1964,30,,,,
221600,1964,38,,,,,1967,31,,,,
221700,1963,20,,,,,1964,7,1966.0,21.0,,
221800,1962,28,,,,,1963,6,1965.0,28.0,,
221900,1965,1,1962.0,25.0,,,1966,25,,,,
222000,1965,22,,,,,1968,22,,,,
222100,1965,1,1964.0,28.0,,,1968,29,,,,
222200,1962,32,,,,,1965,24,,,,
222300,1961,36,,,,,1964,32,,,,
222400,1960,29,,,,,1961,5,1963.0,25.0,,
222500,1960,24,,,,,1962,8,1963.0,24.0,,
222600,1961,1,1959.0,21.0,,,1962,1,1963.0,20.0,,
222700,1961,4,1960.0,24.0,,,1962,8,1963.0,24.0,,
222800,1960,23,,,,,1964,23,,,,
222900,1961,29,,,,,1965,29,,,,
223000,1962,28,,,,,1965,2,1966.0,26.0,,
223100,1962,22,,,,,1964,6,1965.0,22.0,,
223200,1962,23,,,,,1965,24,,,,
223300,1962,1,1961.0,28.0,,,1965,29,,,,
223400,1964,1,1962.0,31.0,,,1965,31,,,,
223500,1962,22,,,,,1965,22,,,,
223600,1962,22,,,,,1964,8,1966.0,22.0,,
223700,1965,2,1963.0,23.0,,,1966,23,,,,
223800,1962,25,,,,,1966,25,,,,
223900,1961,21,,,,,1964,1,1965.0,20.0,,
224000,1962,28,,,,,1965,28,,,,
224100,1962,32,,,,,1965,32,,,,
224200,1961,23,,,,,1965,23,,,,
224300,1961,30,,,,,1965,30,,,,
224400,1962,30,,,,,1966,30,,,,
224500,1965,2,1964.0,2.0,1963.0,22.0,1967,24,,,,
224600,1964,33,,,,,1967,26,,,,
224700,1964,21,,,,,1967,21,,,,
224800,1963,28,,,,,1966,28,,,,
224900,1962,28,,,,,1965,29,,,,
225000,1962,4,1960.0,29.0,,,1963,29,,,,
225100,1962,5,1961.0,23.0,,,1965,23,,,,
225200,1962,21,,,,,1965,21,,,,
225300,1962,24,,,,,1965,24,,,,
225400,1962,21,,,,,1965,21,,,,
225500,1963,24,,,,,1964,3,1966.0,24.0,,
225600,1963,23,,,,,1966,23,,,,
225700,1964,22,,,,,1967,22,,,,
225800,1964,28,,,,,1968,29,,,,
225900,1965,31,,,,,1968,25,,,,
226000,1965,33,,,,,1968,30,,,,
226100,1965,30,,,,,1969,30,,,,
226200,1967,31,,,,,1970,27,,,,
226300,1968,10,1966.0,20.0,,,1969,20,,,,
226400,1966,29,,,,,1969,29,,,,
226500,1966,2,1965.0,21.0,,,1969,23,,,,
226600,1966,27,,,,,1969,27,,,,
226700,1966,20,,,,,1970,21,,,,
226800,1966,25,,,,,1967,4,1968.0,2.0,1969.0,25.0
226900,1966,25,,,,,1967,2,1969.0,25.0,,
227000,1966,2,1965.0,24.0,,,1969,24,,,,
227100,1965,5,1964.0,32.0,,,1968,32,,,,
227200,1966,22,,,,,1969,22,,,,
227300,1965,21,,,,,1968,21,,,,
227400,1966,4,1964.0,33.0,,,1967,25,,,,
227500,1966,3,1965.0,22.0,,,1969,22,,,,
227600,1968,1,1966.0,24.0,,,1969,24,,,,
227700,1965,22,,,,,1968,22,,,,
227800,1965,29,,,,,1968,30,,,,
227900,1967,1,1964.0,32.0,,,1968,32,,,,
228000,1963,28,,,,,1966,28,,,,
228100,1963,4,1962.0,24.0,,,1966,24,,,,
228200,1963,30,,,,,1966,30,,,,
228300,1964,23,,,,,1967,23,,,,
228400,1965,22,,,,,1968,22,,,,
228500,1965,2,1964.0,21.0,,,1968,21,,,,
228600,1964,20,,,,,1967,20,,,,
228700,1962,32,,,,,1965,32,,,,
228800,1963,1,1961.0,28.0,,,1964,21,,,,
228900,1961,26,,,,,1963,5,1964.0,26.0,,
229000,1961,23,,,,,1964,23,,,,
229100,1960,30,,,,,1964,30,,,,
229200,1961,22,,,,,1964,22,,,,
229300,1960,24,,,,,1963,24,,,,
229400,1961,1,1960.0,20.0,,,1964,21,,,,
229500,1961,24,,,,,1962,8,1964.0,24.0,,
229600,1960,30,,,,,1963,30,,,,
229700,1960,25,,,,,1964,25,,,,
229800,1958,22,,,,,1961,22,,,,
229900,1958,22,,,,,1961,22,,,,
230000,1959,5,1958.0,27.0,,,1962,27,,,,
230100,1958,28,,,,,1961,28,,,,
230200,1960,30,,,,,1963,30,,,,
230300,1959,26,,,,,1962,26,,,,
230400,1958,21,,,,,1961,2,1962.0,20.0,,
230500,1959,1,1958.0,30.0,,,1962,31,,,,
230600,1958,2,1957.0,27.0,,,1961,29,,,,
230700,1960,1,1959.0,5.0,1958.0,23.0,1962,23,,,,
230800,1961,1,1959.0,26.0,,,1962,26,,,,
230900,1959,25,,,,,1962,25,,,,
231000,1960,28,,,,,1963,28,,,,
231100,1962,1,1960.0,27.0,,,1963,2,1964.0,25.0,,
231200,1961,25,,,,,1964,25,,,,
231300,1962,26,,,,,1965,26,,,,
231400,1963,3,1962.0,23.0,,,1965,23,,,,
231500,1962,31,,,,,1963,2,1966.0,31.0,,
231600,1962,25,,,,,1966,25,,,,
231700,1963,29,,,,,1966,26,,,,
231800,1962,27,,,,,1965,27,,,,
231900,1963,26,,,,,1966,26,,,,
232000,1964,32,,,,,1966,8,1967.0,32.0,,
232100,1963,22,,,,,1967,22,,,,
232200,1964,22,,,,,1967,22,,,,
232300,1964,26,,,,,1967,26,,,,
232400,1964,23,,,,,1968,23,,,,
232500,1964,29,,,,,1965,1,1968.0,29.0,,
232600,1966,24,,,,,1969,24,,,,
232700,1966,22,,,,,1969,23,,,,
232800,1967,30,,,,,1969,8,1970.0,30.0,,
232900,1969,1,1967.0,27.0,,,1970,27,,,,
233000,1968,28,,,,,1971,1,1972.0,27.0,,
233100,1968,24,,,,,1971,24,,,,
233200,1968,20,,,,,1970,7,1972.0,20.0,,
233300,1968,28,,,,,1971,2,1972.0,26.0,,
233400,1969,29,,,,,1972,29,,,,
233500,1971,1,1969.0,29.0,,,1973,29,,,,
233600,1969,31,,,,,1972,2,1973.0,29.0,,
233700,1969,30,,,,,1972,2,1973.0,28.0,,
233800,1970,26,,,,,1972,7,1973.0,26.0,,
233900,1969,25,,,,,1973,25,,,,
234000,1968,32,,,,,1971,29,,,,
234100,1967,27,,,,,1970,20,,,,
234200,1968,24,,,,,1972,24,,,,
234300,1967,28,,,,,1970,21,,,,
234400,1967,22,,,,,1971,22,,,,
234500,1965,30,,,,,1968,1,1969.0,29.0,,
234600,1966,23,,,,,1969,23,,,,
234700,1967,2,1966.0,22.0,,,1969,22,,,,
234800,1969,1,1968.0,28.0,,,1971,2,1972.0,26.0,,
234900,1968,26,,,,,1971,26,,,,
235000,1968,22,,,,,1972,22,,,,
235100,1967,24,,,,,1970,24,,,,
235200,1967,25,,,,,1971,25,,,,
235300,1970,5,1968.0,31.0,,,1972,31,,,,
235400,1971,1,1969.0,24.0,,,1972,24,,,,
235500,1969,27,,,,,1972,27,,,,
235600,1970,8,1969.0,23.0,,,1973,24,,,,
235700,1969,20,,,,,1973,20,,,,
235800,1968,25,,,,,1969,3,1972.0,25.0,,
235900,1969,24,,,,,1970,6,1972.0,24.0,,
236000,1970,7,1969.0,29.0,,,1972,29,,,,
236100,1969,30,,,,,1972,30,,,,
236200,1969,27,,,,,1973,27,,,,
236300,1969,28,,,,,1971,1,1973.0,28.0,,
236400,1969,27,,,,,1972,27,,,,
236500,1969,21,,,,,1972,22,,,,
236600,1972,1,1971.0,3.0,1970.0,27.0,1973,27,,,,
236700,1970,29,,,,,1972,7,1973.0,30.0,,
236800,1969,24,,,,,1972,24,,,,
236900,1971,31,,,,,1972,4,1974.0,31.0,,
237000,1971,26,,,,,1974,26,,,,
237100,1971,23,,,,,1974,23,,,,
237200,1970,22,,,,,1971,7,1972.0,4.0,1974.0,22.0
237300,1971,25,,,,,1974,25,,,,
237400,1971,32,,,,,1974,30,,,,
237500,1970,24,,,,,1974,24,,,,
237600,1972,28,,,,,1975,20,,,,
237700,1972,3,1971.0,20.0,,,1975,21,,,,
237800,1972,24,,,,,1975,24,,,,
237900,1974,24,,,,,1977,24,,,,
238000,1974,35,,,,,1977,32,,,,
238100,1974,36,,,,,1977,29,,,,
238200,1973,32,,,,,1977,32,,,,
238300,1975,4,1973.0,21.0,,,1976,21,,,,
238400,1973,31,,,,,1976,31,,,,
238500,1974,30,,,,,1977,30,,,,
238600,1974,21,,,,,1977,21,,,,
238700,1974,30,,,,,1976,7,1977.0,30.0,,
238800,1973,22,,,,,1976,22,,,,
238900,1975,4,1974.0,24.0,,,1977,2,1978.0,22.0,,
239000,1974,22,,,,,1978,22,,,,
239100,1974,25,,,,,1975,1,1978.0,25.0,,
239200,1976,1,1975.0,3.0,1974.0,24.0,1978,24,,,,
239300,1975,21,,,,,1977,3,1978.0,21.0,,
239400,1974,28,,,,,1976,7,1977.0,28.0,,
239500,1974,21,,,,,1978,21,,,,
239600,1974,28,,,,,1978,28,,,,
239700,1974,27,,,,,1977,27,,,,
239800,1973,26,,,,,1977,26,,,,
239900,1974,31,,,,,1978,31,,,,
240000,1975,27,,,,,1978,1,1979.0,26.0,,
240100,1976,2,1975.0,1.0,1974.0,23.0,1978,24,,,,
240200,1974,22,,,,,1977,2,1978.0,20.0,,
240300,1975,25,,,,,1978,25,,,,
240400,1975,1,1974.0,28.0,,,1978,29,,,,
240500,1974,30,,,,,1978,30,,,,
240600,1975,29,,,,,1978,29,,,,
240700,1975,31,,,,,1977,5,1978.0,31.0,,
240800,1975,23,,,,,1979,23,,,,
240900,1976,22,,,,,1979,22,,,,
241000,1976,29,,,,,1979,30,,,,
241100,1976,28,,,,,1978,8,1979.0,28.0,,
241200,1976,25,,,,,1979,26,,,,
241300,1977,23,,,,,1980,23,,,,
241400,1976,24,,,,,1978,2,1980.0,24.0,,
241500,1977,28,,,,,1980,2,1981.0,27.0,,
241600,1977,24,,,,,1978,2,1980.0,2.0,1981.0,22.0
241700,1977,22,,,,,1980,22,,,,
241800,1978,8,1977.0,26.0,,,1981,26,,,,
241900,1978,23,,,,,1981,23,,,,
242000,1979,2,1978.0,20.0,,,1982,22,,,,
242100,1978,26,,,,,1980,5,1981.0,26.0,,
242200,1978,27,,,,,1981,23,,,,
242300,1978,21,,,,,1981,21,,,,
242400,1978,23,,,,,1982,23,,,,
242500,1979,1,1978.0,21.0,,,1982,21,,,,
242600,1981,1,1978.0,25.0,,,1982,25,,,,
242700,1977,21,,,,,1980,1,1981.0,20.0,,
242800,1978,27,,,,,1981,27,,,,
242900,1978,28,,,,,1980,6,1981.0,28.0,,
243000,1980,1,1978.0,36.0,,,1981,30,,,,
243100,1979,1,1978.0,26.0,,,1981,26,,,,
243200,1978,17,,,,,1981,20,,,,
243300,1979,9,1977.0,21.0,,,1980,21,,,,
243400,1981,1,1979.0,25.0,,,1982,25,,,,
243500,1979,33,,,,,1982,25,,,,
243600,1980,6,1978.0,28.0,,,1982,28,,,,
243700,1979,31,,,,,1982,31,,,,
243800,1979,27,,,,,1982,27,,,,
243900,1981,28,,,,,1984,28,,,,
244000,1980,27,,,,,1984,27,,,,
244100,1981,20,,,,,1984,20,,,,
244200,1983,1,1981.0,30.0,,,1984,30,,,,
244300,1982,23,,,,,1985,23,,,,
244400,1981,29,,,,,1984,2,1985.0,27.0,,
244500,1980,24,,,,,1983,24,,,,
244600,1981,36,,,,,1984,30,,,,
244700,1982,1,1980.0,29.0,,,1984,29,,,,
244800,1981,25,,,,,1984,25,,,,
244900,1980,24,,,,,1981,4,1983.0,1.0,1984.0,23.0
245000,1982,30,,,,,1984,1,1985.0,30.0,,
245100,1981,1,1980.0,27.0,,,1984,27,,,,
245200,1980,27,,,,,1984,28,,,,
245300,1981,24,,,,,1984,24,,,,
245400,1980,21,,,,,1984,21,,,,
245500,1981,8,1980.0,26.0,,,1984,26,,,,
245600,1981,9,1979.0,24.0,,,1982,24,,,,
245700,1979,21,,,,,1983,21,,,,
245800,1979,32,,,,,1983,32,,,,
245900,1979,27,,,,,1983,27,,,,
246000,1980,3,1979.0,25.0,,,1982,1,1983.0,24.0,,
246100,1979,21,,,,,1983,21,,,,
246200,1978,27,,,,,1982,27,,,,
246300,1978,26,,,,,1979,5,1981.0,26.0,,
246400,1978,28,,,,,1981,28,,,,
246500,1977,21,,,,,1980,21,,,,
246600,1977,25,,,,,1980,25,,,,
246700,1978,24,,,,,1979,1,1981.0,1.0,1982.0,23.0
246800,1979,21,,,,,1981,4,1983.0,21.0,,
246900,1980,1,1978.0,23.0,,,1981,23,,,,
247000,1978,30,,,,,1981,29,,,,
247100,1978,28,,,,,1981,28,,,,
247200,1978,24,,,,,1981,24,,,,
247300,1979,30,,,,,1982,30,,,,
247400,1979,22,,,,,1982,22,,,,
247500,1978,24,,,,,1981,24,,,,
247600,1979,20,,,,,1981,3,1982.0,21.0,,
247700,1983,8,1982.0,23.0,,,1986,25,,,,
247800,1981,26,,,,,1984,26,,,,
247900,1981,31,,,,,1984,1,1985.0,30.0,,
248000,1981,26,,,,,1984,2,1985.0,24.0,,
248100,1980,29,,,,,1983,29,,,,
248200,1981,32,,,,,1984,32,,,,
248300,1981,36,,,,,1984,32,,,,
248400,1982,24,,,,,1986,24,,,,
248500,1981,23,,,,,1983,2,1985.0,25.0,,
248600,1982,4,1981.0,26.0,,,1983,1,1985.0,26.0,,
248700,1982,30,,,,,1983,10,1986.0,30.0,,
248800,1982,24,,,,,1985,24,,,,
248900,1982,29,,,,,1985,29,,,,
249000,1982,23,,,,,1986,23,,,,
249100,1982,29,,,,,1985,29,,,,
249200,1983,4,1982.0,30.0,,,1985,30,,,,
249300,1981,21,,,,,1984,1,1985.0,20.0,,
249400,1982,28,,,,,1985,29,,,,
249500,1983,2,1982.0,24.0,,,1986,26,,,,
249600,1983,22,,,,,1986,22,,,,
249700,1982,30,,,,,1985,30,,,,
249800,1983,24,,,,,1985,3,1986.0,24.0,,
249900,1984,1,1982.0,30.0,,,1985,30,,,,
250000,1983,20,,,,,1985,2,1986.0,20.0,,
250100,1983,29,,,,,1986,29,,,,
250200,1985,1,1983.0,30.0,,,1986,30,,,,
250300,1984,4,1983.0,29.0,,,1987,29,,,,
250400,1983,5,1982.0,23.0,,,1986,23,,,,
250500,1984,21,,,,,1987,21,,,,
250600,1985,1,1983.0,20.0,,,1986,20,,,,
250700,1984,6,1983.0,30.0,,,1987,30,,,,
250800,1983,26,,,,,1986,26,,,,
250900,1982,26,,,,,1984,1,1985.0,26.0,,
251000,1984,1,1983.0,24.0,,,1985,4,1987.0,25.0,,
251100,1983,31,,,,,1985,5,1987.0,31.0,,
251200,1984,3,1983.0,30.0,,,1986,2,1987.0,28.0,,
251300,1983,20,,,,,1987,21,,,,
251400,1983,23,,,,,1985,1,1986.0,23.0,,
251500,1983,28,,,,,1987,28,,,,
251600,1983,1,1982.0,23.0,,,1984,2,1986.0,24.0,,
251700,1983,31,,,,,1986,31,,,,
251800,1983,29,,,,,1987,29,,,,
251900,1982,30,,,,,1983,8,1986.0,30.0,,
252000,1983,20,,,,,1985,6,1986.0,20.0,,
252100,1981,30,,,,,1982,2,1984.0,25.0,,
252200,1981,32,,,,,1984,26,,,,
252300,1981,22,,,,,1984,22,,,,
252400,1980,31,,,,,1981,2,1984.0,31.0,,
252500,1980,30,,,,,1983,25,,,,
252600,1981,7,1980.0,28.0,,,1984,28,,,,
252700,1981,1,1980.0,30.0,,,1983,2,1984.0,28.0,,
252800,1981,32,,,,,1984,32,,,,
252900,1980,24,,,,,1982,6,1983.0,24.0,,
253000,1980,5,1979.0,27.0,,,1983,27,,,,
253100,1981,30,,,,,1984,30,,,,
253200,1980,26,,,,,1984,26,,,,
253300,1979,29,,,,,1982,25,,,,
253400,1979,29,,,,,1982,29,,,,
253500,1981,21,,,,,1984,22,,,,
253600,1980,21,,,,,1983,21,,,,
253700,1979,31,,,,,1980,1,1983.0,31.0,,
253800,1981,24,,,,,1983,7,1984.0,24.0,,
253900,1981,29,,,,,1984,29,,,,
254000,1980,21,,,,,1983,21,,,,
254100,1981,2,1980.0,24.0,,,1982,8,1984.0,26.0,,
254200,1981,32,,,,,1983,3,1984.0,2.0,1985.0,30.0
254300,1981,29,,,,,1983,7,1985.0,29.0,,
254400,1981,31,,,,,1982,3,1984.0,24.0,,
254500,1981,30,,,,,1984,30,,,,
254600,1979,35,,,,,1982,29,,,,
254700,1978,25,,,,,1982,25,,,,
254800,1979,29,,,,,1982,29,,,,
254900,1978,30,,,,,1981,30,,,,
255000,1977,20,,,,,1979,2,1981.0,21.0,,
255100,1977,29,,,,,1981,29,,,,
255200,1978,26,,,,,1981,26,,,,
255300,1977,26,,,,,1980,26,,,,
255400,1979,29,,,,,1982,30,,,,
255500,1979,29,,,,,1983,29,,,,
255600,1979,31,,,,,1981,5,1982.0,31.0,,
255700,1979,25,,,,,1981,8,1982.0,25.0,,
255800,1981,3,1980.0,22.0,,,1983,22,,,,
255900,1980,30,,,,,1982,7,1983.0,30.0,,
256000,1980,24,,,,,1982,7,1984.0,24.0,,
256100,1984,4,1982.0,24.0,,,1985,23,,,,
256200,1981,23,,,,,1985,23,,,,
256300,1982,26,,,,,1985,26,,,,
256400,1981,22,,,,,1984,22,,,,
256500,1981,30,,,,,1985,30,,,,
256600,1982,25,,,,,1985,25,,,,
256700,1980,25,,,,,1982,7,1983.0,1.0,1984.0,24.0
256800,1981,23,,,,,1984,23,,,,
256900,1980,27,,,,,1982,6,1984.0,27.0,,
257000,1981,26,,,,,1984,26,,,,
257100,1982,1,1980.0,24.0,,,1984,24,,,,
257200,1980,28,,,,,1983,28,,,,
257300,1980,24,,,,,1983,24,,,,
257400,1980,29,,,,,1982,3,1984.0,29.0,,
257500,1980,26,,,,,1983,26,,,,
257600,1980,32,,,,,1984,32,,,,
257700,1979,36,,,,,1982,29,,,,
257800,1977,25,,,,,1980,25,,,,
257900,1978,23,,,,,1982,23,,,,
258000,1978,22,,,,,1980,6,1982.0,22.0,,
258100,1979,28,,,,,1982,28,,,,
258200,1978,21,,,,,1982,21,,,,
258300,1979,30,,,,,1982,23,,,,
258400,1980,9,1978.0,26.0,,,1982,26,,,,
258500,1977,30,,,,,1979,5,1980.0,2.0,1981.0,28.0
258600,1977,28,,,,,1980,28,,,,
258700,1978,28,,,,,1981,28,,,,
258800,1978,29,,,,,1981,29,,,,
258900,1978,21,,,,,1981,21,,,,
259000,1978,30,,,,,1980,7,1981.0,30.0,,
259100,1978,24,,,,,1980,2,1982.0,24.0,,
259200,1978,24,,,,,1981,24,,,,
259300,1978,21,,,,,1981,21,,,,
259400,1978,24,,,,,1980,7,1982.0,24.0,,
259500,1980,1,1978.0,22.0,,,1981,22,,,,
259600,1978,1,1977.0,22.0,,,1981,23,,,,
259700,1977,30,,,,,1979,3,1980.0,30.0,,
259800,1978,15,,,,,1981,24,,,,
259900,1978,20,,,,,1981,20,,,,
260000,1978,30,,,,,1980,6,1981.0,30.0,,
260100,1980,4,1978.0,21.0,,,1982,21,,,,
260200,1979,24,,,,,1983,24,,,,
260300,1979,21,,,,,1982,22,,,,
260400,1980,36,,,,,1983,30,,,,
260500,1980,30,,,,,1981,5,1982.0,8.0,1983.0,30.0
260600,1980,30,,,,,1983,1,1984.0,30.0,,
260700,1981,26,,,,,1982,4,1984.0,20.0,,
260800,1981,25,,,,,1985,25,,,,
260900,1982,23,,,,,1985,23,,,,
261000,1981,1,1980.0,27.0,,,1982,1,1984.0,28.0,,
261100,1981,30,,,,,1985,30,,,,
261200,1981,31,,,,,1984,26,,,,
261300,1981,35,,,,,1984,28,,,,
261400,1981,22,,,,,1984,22,,,,
261500,1981,27,,,,,1984,25,,,,
261600,1981,26,,,,,1984,26,,,,
261700,1982,23,,,,,1984,6,1985.0,23.0,,
261800,1982,32,,,,,1984,1,1985.0,32.0,,
261900,1982,29,,,,,1983,8,1985.0,30.0,,
262000,1981,26,,,,,1984,26,,,,
262100,1981,30,,,,,1984,30,,,,
262200,1981,22,,,,,1984,20,,,,
262300,1981,26,,,,,1985,26,,,,
262400,1981,21,,,,,1984,21,,,,
262500,1981,28,,,,,1985,28,,,,
262600,1980,22,,,,,1983,21,,,,
262700,1980,29,,,,,1984,29,,,,
262800,1980,7,1978.0,30.0,,,1981,30,,,,
262900,1980,1,1979.0,3.0,1978.0,23.0,1982,23,,,,
263000,1976,22,,,,,1980,22,,,,
263100,1976,23,,,,,1980,23,,,,
263200,1977,26,,,,,1980,26,,,,
263300,1978,22,,,,,1981,22,,,,
263400,1978,23,,,,,1982,23,,,,
263500,1978,2,1977.0,26.0,,,1979,2,1981.0,28.0,,
263600,1977,24,,,,,1978,4,1980.0,24.0,,
263700,1977,30,,,,,1978,1,1981.0,30.0,,
263800,1978,20,,,,,1982,20,,,,
263900,1978,6,1977.0,27.0,,,1981,27,,,,
264000,1977,24,,,,,1980,24,,,,
264100,1976,30,,,,,1979,30,,,,
264200,1975,17,,,,,1978,21,,,,
264300,1976,22,,,,,1977,6,1979.0,22.0,,
264400,1976,27,,,,,1979,27,,,,
264500,1975,27,,,,,1976,2,1978.0,1.0,1979.0,26.0
264600,1975,26,,,,,1978,26,,,,
264700,1975,28,,,,,1978,24,,,,
264800,1975,28,,,,,1977,7,1978.0,28.0,,
264900,1974,24,,,,,1977,24,,,,
265000,1974,30,,,,,1978,30,,,,
265100,1974,28,,,,,1977,29,,,,
265200,1973,31,,,,,1976,31,,,,
265300,1974,29,,,,,1977,29,,,,
265400,1974,20,,,,,1977,20,,,,
265500,1974,23,,,,,1975,4,1976.0,5.0,1977.0,23.0
265600,1975,3,1973.0,29.0,,,1977,29,,,,
265700,1974,23,,,,,1976,3,1977.0,23.0,,
265800,1975,3,1974.0,23.0,,,1978,25,,,,
265900,1976,1,1975.0,2.0,1974.0,23.0,1977,23,,,,
266000,1974,21,,,,,1976,2,1977.0,22.0,,
266100,1974,32,,,,,1977,32,,,,
266200,1975,28,,,,,1979,28,,,,
266300,1976,25,,,,,1980,26,,,,
266400,1977,26,,,,,1980,26,,,,
266500,1979,1,1976.0,28.0,,,1980,28,,,,
266600,1978,29,,,,,1981,29,,,,
266700,1978,26,,,,,1981,21,,,,
266800,1977,34,,,,,1980,27,,,,
266900,1981,1,1979.0,35.0,,,1982,27,,,,
267000,1979,4,1978.0,25.0,,,1982,25,,,,
267100,1978,22,,,,,1981,22,,,,
267200,1979,2,1978.0,28.0,,,1980,1,1982.0,30.0,,
267300,1979,31,,,,,1982,31,,,,
267400,1980,24,,,,,1982,4,1983.0,24.0,,
267500,1980,31,,,,,1983,1,1984.0,30.0,,
267600,1981,26,,,,,1982,7,1984.0,26.0,,
267700,1981,3,1980.0,26.0,,,1984,27,,,,
267800,1981,29,,,,,1984,29,,,,
267900,1980,27,,,,,1984,27,,,,
268000,1982,29,,,,,1985,29,,,,
268100,1981,28,,,,,1984,28,,,,
268200,1980,28,,,,,1983,28,,,,
268300,1983,1,1981.0,29.0,,,1984,28,,,,
268400,1979,26,,,,,1983,26,,,,
268500,1980,22,,,,,1983,22,,,,
268600,1980,27,,,,,1982,1,1983.0,27.0,,
268700,1981,8,1980.0,25.0,,,1984,25,,,,
268800,1981,31,,,,,1982,4,1984.0,31.0,,
268900,1980,25,,,,,1984,25,,,,
269000,1981,25,,,,,1984,1,1985.0,24.0,,
269100,1981,38,,,,,1984,32,,,,
269200,1982,3,1980.0,21.0,,,1983,21,,,,
269300,1981,27,,,,,1983,8,1984.0,27.0,,
269400,1981,5,1980.0,27.0,,,1984,27,,,,
269500,1979,23,,,,,1982,23,,,,
269600,1981,22,,,,,1983,5,1984.0,22.0,,
269700,1980,27,,,,,1983,27,,,,
269800,1982,1,1980.0,6.0,1979.0,29.0,1983,29,,,,
269900,1980,1,1978.0,28.0,,,1981,28,,,,
270000,1977,20,,,,,1980,20,,,,
270100,1977,1,1976.0,20.0,,,1980,22,,,,
270200,1977,4,1976.0,27.0,,,1980,27,,,,
270300,1976,30,,,,,1978,1,1979.0,31.0,,
270400,1974,22,,,,,1978,22,,,,
270500,1974,35,,,,,1977,29,,,,
270600,1974,29,,,,,1976,7,1977.0,29.0,,
270700,1971,21,,,,,1972,1,1975.0,21.0,,
270800,1972,30,,,,,1975,30,,,,
270900,1971,23,,,,,1974,23,,,,
271000,1968,28,,,,,1971,24,,,,
271100,1971,1,1969.0,26.0,,,1972,26,,,,
271200,1967,32,,,,,1970,32,,,,
271300,1965,26,,,,,1967,8,1968.0,26.0,,
271400,1966,31,,,,,1968,6,1969.0,31.0,,
271500,1965,28,,,,,1967,6,1968.0,28.0,,
271600,1962,22,,,,,1966,22,,,,
271700,1965,3,1963.0,28.0,,,1967,28,,,,
271800,1962,26,,,,,1965,26,,,,
271900,1962,26,,,,,1963,3,1965.0,26.0,,
272000,1961,35,,,,,1964,27,,,,
272100,1960,1,1958.0,29.0,,,1961,1,1962.0,28.0,,
272200,1959,21,,,,,1962,22,,,,
272300,1957,22,,,,,1960,22,,,,
272400,1957,22,,,,,1960,22,,,,
272500,1955,26,,,,,1958,26,,,,
272600,1955,21,,,,,1959,21,,,,
272700,1956,37,,,,,1959,29,,,,
272800,1956,21,,,,,1959,21,,,,
272900,1957,1,1955.0,27.0,,,1958,27,,,,
273000,1954,21,,,,,1958,21,,,,
273100,1955,27,,,,,1957,4,1958.0,27.0,,
273200,1956,26,,,,,1959,26,,,,
273300,1956,34,,,,,1959,26,,,,
273400,1957,30,,,,,1960,30,,,,
273500,1956,6,1955.0,30.0,,,1959,32,,,,
273600,1957,2,1956.0,29.0,,,1960,31,,,,
273700,1959,1,1957.0,31.0,,,1960,31,,,,
273800,1958,30,,,,,1961,27,,,,
273900,1958,30,,,,,1961,30,,,,
274000,1958,29,,,,,1961,27,,,,
274100,1959,28,,,,,1961,6,1962.0,28.0,,
274200,1959,30,,,,,1961,6,1962.0,30.0,,
274300,1959,27,,,,,1962,27,,,,
274400,1960,32,,,,,1963,26,,,,
274500,1963,1,1961.0,22.0,,,1964,22,,,,
274600,1961,22,,,,,1964,22,,,,
274700,1962,3,1961.0,30.0,,,1964,30,,,,
274800,1960,26,,,,,1961,9,1964.0,26.0,,
274900,1961,27,,,,,1964,27,,,,
275000,1963,1,1961.0,27.0,,,1964,27,,,,
275100,1962,20,,,,,1966,20,,,,
275200,1962,30,,,,,1965,30,,,,
275300,1962,30,,,,,1963,4,1966.0,30.0,,
275400,1964,2,1962.0,30.0,,,1966,30,,,,
275500,1963,27,,,,,1966,27,,,,
275600,1964,20,,,,,1967,20,,,,
275700,1964,25,,,,,1967,25,,,,
275800,1962,34,,,,,1965,30,,,,
275900,1964,2,1963.0,28.0,,,1966,28,,,,
276000,1963,26,,,,,1965,1,1966.0,26.0,,
276100,1965,1,1964.0,27.0,,,1966,3,1968.0,28.0,,
276200,1964,23,,,,,1968,23,,,,
276300,1966,6,1965.0,26.0,,,1969,26,,,,
276400,1964,27,,,,,1968,27,,,,
276500,1964,22,,,,,1968,22,,,,
276600,1964,27,,,,,1967,2,1968.0,25.0,,
276700,1965,27,,,,,1969,27,,,,
276800,1965,28,,,,,1967,3,1969.0,28.0,,
276900,1967,1,1965.0,31.0,,,1968,31,,,,
277000,1965,27,,,,,1968,28,,,,
277100,1967,28,,,,,1970,28,,,,
277200,1966,28,,,,,1969,28,,,,
277300,1966,27,,,,,1969,24,,,,
277400,1967,24,,,,,1970,24,,,,
277500,1966,25,,,,,1969,25,,,,
277600,1967,27,,,,,1970,27,,,,
277700,1966,22,,,,,1969,22,,,,
277800,1966,21,,,,,1967,5,1969.0,1.0,1970.0,20.0
277900,1969,24,,,,,1972,24,,,,
278000,1968,8,1967.0,21.0,,,1969,4,1971.0,23.0,,
278100,1965,20,,,,,1966,1,1969.0,20.0,,
278200,1966,24,,,,,1969,25,,,,
278300,1965,29,,,,,1967,7,1969.0,29.0,,
278400,1966,23,,,,,1969,23,,,,
278500,1964,31,,,,,1968,31,,,,
278600,1964,22,,,,,1968,22,,,,
278700,1967,2,1965.0,24.0,,,1969,24,,,,
278800,1965,29,,,,,1968,29,,,,
278900,1965,25,,,,,1968,23,,,,
279000,1964,21,,,,,1967,21,,,,
279100,1964,4,1963.0,26.0,,,1967,26,,,,
279200,1963,34,,,,,1966,29,,,,
279300,1962,26,,,,,1964,2,1966.0,27.0,,
279400,1962,29,,,,,1965,2,1966.0,27.0,,
279500,1963,29,,,,,1966,29,,,,
279600,1963,31,,,,,1966,1,1967.0,30.0,,
279700,1963,26,,,,,1967,26,,,,
279800,1964,30,,,,,1967,29,,,,
279900,1962,30,,,,,1966,30,,,,
280000,1962,27,,,,,1965,27,,,,
280100,1963,32,,,,,1966,32,,,,
280200,1963,24,,,,,1964,3,1967.0,24.0,,
280300,1964,6,1963.0,29.0,,,1967,29,,,,
280400,1963,29,,,,,1967,29,,,,
280500,1964,29,,,,,1967,30,,,,
280600,1964,23,,,,,1967,23,,,,
280700,1965,25,,,,,1969,25,,,,
280800,1965,28,,,,,1968,28,,,,
280900,1966,4,1965.0,27.0,,,1967,4,1968.0,27.0,,
281000,1965,21,,,,,1968,21,,,,
281100,1966,31,,,,,1969,31,,,,
281200,1966,2,1965.0,30.0,,,1969,32,,,,
281300,1965,22,,,,,1969,22,,,,
281400,1965,25,,,,,1966,2,1968.0,25.0,,
281500,1966,2,1965.0,28.0,,,1969,28,,,,
281600,1964,29,,,,,1967,29,,,,
281700,1963,31,,,,,1966,26,,,,
281800,1964,25,,,,,1967,25,,,,
281900,1965,28,,,,,1968,28,,,,
282000,1966,2,1965.0,21.0,,,1967,5,1969.0,23.0,,
282100,1966,1,1965.0,25.0,,,1968,25,,,,
282200,1965,30,,,,,1968,25,,,,
282300,1966,23,,,,,1969,23,,,,
282400,1966,35,,,,,1969,27,,,,
282500,1965,26,,,,,1969,26,,,,
282600,1966,27,,,,,1969,27,,,,
282700,1968,1,1965.0,20.0,,,1969,20,,,,
282800,1967,29,,,,,1970,22,,,,
282900,1966,31,,,,,1970,31,,,,
283000,1968,30,,,,,1971,30,,,,
283100,1968,27,,,,,1970,5,1971.0,27.0,,
283200,1968,29,,,,,1971,29,,,,
283300,1968,22,,,,,1971,22,,,,
283400,1968,21,,,,,1972,21,,,,
283500,1968,23,,,,,1969,6,1970.0,6.0,1971.0,23.0
283600,1967,31,,,,,1970,31,,,,
283700,1967,32,,,,,1970,32,,,,
283800,1966,29,,,,,1970,29,,,,
283900,1966,26,,,,,1968,3,1969.0,26.0,,
