day,timestamp,product,bid_price_1,bid_volume_1,bid_price_2,bid_volume_2,bid_price_3,bid_volume_3,ask_price_1,ask_volume_1,ask_price_2,ask_volume_2,ask_price_3,ask_volume_3,mid_price,profit_and_loss,day_label
-2,0,SQUID_INK,1998,26,,,,,2002,26,,,,,2000.0,0.0,-2
-2,100,SQUID_INK,1999,5,1998.0,26.0,,,2001,20,,,,,2000.0,0.0,-2
-2,200,SQUID_INK,1997,31,,,,,2000,1,2001.0,30.0,,,1998.5,0.0,-2
-2,300,SQUID_INK,1997,27,,,,,2000,27,,,,,1998.5,0.0,-2
-2,400,SQUID_INK,1996,20,,,,,2000,20,,,,,1998.0,0.0,-2
-2,500,SQUID_INK,1999,1,1997.0,30.0,,,2000,30,,,,,1999.5,0.0,-2
-2,600,SQUID_INK,1997,30,,,,,2001,30,,,,,1999.0,0.0,-2
-2,700,SQUID_INK,1999,28,,,,,2002,28,,,,,2000.5,0.0,-2
-2,800,SQUID_INK,2002,1,1999.0,23.0,,,2003,23,,,,,2002.5,0.0,-2
-2,900,SQUID_INK,1999,2,1998.0,30.0,,,2001,30,,,,,2000.0,0.0,-2
-2,1000,SQUID_INK,1999,24,,,,,2001,8,2002.0,24.0,,,2000.0,0.0,-2
-2,1100,SQUID_INK,1999,25,,,,,2001,3,2002.0,26.0,,,2000.0,0.0,-2
-2,1200,SQUID_INK,1998,28,,,,,2002,28,,,,,2000.0,0.0,-2
-2,1300,SQUID_INK,1999,3,1998.0,23.0,,,2001,23,,,,,2000.0,0.0,-2
-2,1400,SQUID_INK,1996,26,,,,,1998,2,2000.0,26.0,,,1997.0,0.0,-2
-2,1500,SQUID_INK,1997,2,1996.0,25.0,,,2000,27,,,,,1998.5,0.0,-2
-2,1600,SQUID_INK,1997,24,,,,,2001,24,,,,,1999.0,0.0,-2
-2,1700,SQUID_INK,1998,28,,,,,2000,2,2001.0,28.0,,,1999.0,0.0,-2
-2,1800,SQUID_INK,1997,24,,,,,1999,1,2001.0,24.0,,,1998.0,0.0,-2
-2,1900,SQUID_INK,2001,1,1999.0,26.0,,,2002,26,,,,,2001.5,0.0,-2
-2,2000,SQUID_INK,1999,31,,,,,2001,2,2002.0,31.0,,,2000.0,0.0,-2
-2,2100,SQUID_INK,2001,4,1999.0,22.0,,,2002,22,,,,,2001.5,0.0,-2
-2,2200,SQUID_INK,1999,26,,,,,2002,26,,,,,2000.5,0.0,-2
-2,2300,SQUID_INK,1998,30,,,,,2001,30,,,,,1999.5,0.0,-2
-2,2400,SQUID_INK,1999,30,,,,,2002,30,,,,,2000.5,0.0,-2
-2,2500,SQUID_INK,1999,21,,,,,2003,21,,,,,2001.0,0.0,-2
-2,2600,SQUID_INK,2000,28,,,,,2003,22,,,,,2001.5,0.0,-2
-2,2700,SQUID_INK,2000,27,,,,,2002,4,2003.0,27.0,,,2001.0,0.0,-2
-2,2800,SQUID_INK,2000,28,,,,,2003,28,,,,,2001.5,0.0,-2
-2,2900,SQUID_INK,2001,30,,,,,2004,30,,,,,2002.5,0.0,-2
-2,3000,SQUID_INK,2001,28,,,,,2004,28,,,,,2002.5,0.0,-2
-2,3100,SQUID_INK,2002,1,2000.0,26.0,,,2003,25,,,,,2002.5,0.0,-2
-2,3200,SQUID_INK,1999,28,,,,,2002,28,,,,,2000.5,0.0,-2
-2,3300,SQUID_INK,1999,26,,,,,2002,20,,,,,2000.5,0.0,-2
-2,3400,SQUID_INK,2000,3,1999.0,23.0,,,2003,23,,,,,2001.5,0.0,-2
-2,3500,SQUID_INK,2001,1,1999.0,31.0,,,2002,31,,,,,2001.5,0.0,-2
-2,3600,SQUID_INK,2000,26,,,,,2004,26,,,,,2002.0,0.0,-2
-2,3700,SQUID_INK,2000,2,1999.0,25.0,,,2003,27,,,,,2001.5,0.0,-2
-2,3800,SQUID_INK,2001,2,2000.0,27.0,,,2004,27,,,,,2002.5,0.0,-2
-2,3900,SQUID_INK,1999,26,,,,,2001,1,2003.0,26.0,,,2000.0,0.0,-2
-2,4000,SQUID_INK,2000,31,,,,,2003,27,,,,,2001.5,0.0,-2
-2,4100,SQUID_INK,1999,28,,,,,2001,5,2003.0,28.0,,,2000.0,0.0,-2
-2,4200,SQUID_INK,1999,24,,,,,2002,25,,,,,2000.5,0.0,-2
-2,4300,SQUID_INK,1999,26,,,,,2002,26,,,,,2000.5,0.0,-2
-2,4400,SQUID_INK,1998,29,,,,,2000,2,2001.0,29.0,,,1999.0,0.0,-2
-2,4500,SQUID_INK,1998,30,,,,,2001,30,,,,,1999.5,0.0,-2
-2,4600,SQUID_INK,1998,31,,,,,2002,31,,,,,2000.0,0.0,-2
-2,4700,SQUID_INK,1996,30,,,,,1999,30,,,,,1997.5,0.0,-2
-2,4800,SQUID_INK,1998,26,,,,,2001,26,,,,,1999.5,0.0,-2
-2,4900,SQUID_INK,1997,2,1996.0,22.0,,,2000,24,,,,,1998.5,0.0,-2
-2,5000,SQUID_INK,1997,21,,,,,1998,3,2001.0,21.0,,,1997.5,0.0,-2
-2,5100,SQUID_INK,1997,31,,,,,2001,31,,,,,1999.0,0.0,-2
-2,5200,SQUID_INK,1998,27,,,,,2001,27,,,,,1999.5,0.0,-2
-2,5300,SQUID_INK,1998,23,,,,,2001,1,2002.0,22.0,,,1999.5,0.0,-2
-2,5400,SQUID_INK,1999,30,,,,,2002,30,,,,,2000.5,0.0,-2
-2,5500,SQUID_INK,2001,4,1999.0,31.0,,,2002,30,,,,,2001.5,0.0,-2
-2,5600,SQUID_INK,2000,6,1998.0,32.0,,,2002,32,,,,,2001.0,0.0,-2
-2,5700,SQUID_INK,1997,29,,,,,1998,4,2000.0,29.0,,,1997.5,0.0,-2
-2,5800,SQUID_INK,1996,28,,,,,1999,28,,,,,1997.5,0.0,-2
-2,5900,SQUID_INK,1995,29,,,,,1999,29,,,,,1997.0,0.0,-2
-2,6000,SQUID_INK,1995,23,,,,,1998,23,,,,,1996.5,0.0,-2
-2,6100,SQUID_INK,1995,27,,,,,1999,27,,,,,1997.0,0.0,-2
-2,6200,SQUID_INK,1996,10,1995.0,23.0,,,1999,25,,,,,1997.5,0.0,-2
-2,6300,SQUID_INK,1997,26,,,,,2001,26,,,,,1999.0,0.0,-2
-2,6400,SQUID_INK,1999,26,,,,,2000,1,2003.0,26.0,,,1999.5,0.0,-2
-2,6500,SQUID_INK,2000,22,,,,,2003,22,,,,,2001.5,0.0,-2
-2,6600,SQUID_INK,1999,24,,,,,2003,25,,,,,2001.0,0.0,-2
-2,6700,SQUID_INK,2001,24,,,,,2004,28,,,,,2002.5,0.0,-2
-2,6800,SQUID_INK,2002,8,2001.0,24.0,,,2005,24,,,,,2003.5,0.0,-2
-2,6900,SQUID_INK,2001,28,,,,,2004,28,,,,,2002.5,0.0,-2
-2,7000,SQUID_INK,1999,24,,,,,2001,5,2003.0,24.0,,,2000.0,0.0,-2
-2,7100,SQUID_INK,1999,26,,,,,2000,5,2003.0,26.0,,,1999.5,0.0,-2
-2,7200,SQUID_INK,2000,1,1999.0,26.0,,,2003,27,,,,,2001.5,0.0,-2
-2,7300,SQUID_INK,2000,27,,,,,2003,28,,,,,2001.5,0.0,-2
-2,7400,SQUID_INK,2003,1,2001.0,28.0,,,2005,28,,,,,2004.0,0.0,-2
-2,7500,SQUID_INK,2003,1,2002.0,25.0,,,2006,26,,,,,2004.5,0.0,-2
-2,7600,SQUID_INK,2003,30,,,,,2006,30,,,,,2004.5,0.0,-2
-2,7700,SQUID_INK,2002,26,,,,,2005,26,,,,,2003.5,0.0,-2
-2,7800,SQUID_INK,2004,1,2002.0,22.0,,,2006,22,,,,,2005.0,0.0,-2
-2,7900,SQUID_INK,2004,1,2003.0,29.0,,,2007,30,,,,,2005.5,0.0,-2
-2,8000,SQUID_INK,2003,24,,,,,2006,24,,,,,2004.5,0.0,-2
-2,8100,SQUID_INK,2002,21,,,,,2005,21,,,,,2003.5,0.0,-2
-2,8200,SQUID_INK,2002,1,2000.0,30.0,,,2004,30,,,,,2003.0,0.0,-2
-2,8300,SQUID_INK,2002,2,2001.0,29.0,,,2004,2,2005.0,27.0,,,2003.0,0.0,-2
-2,8400,SQUID_INK,2002,25,,,,,2005,25,,,,,2003.5,0.0,-2
-2,8500,SQUID_INK,2002,1,2001.0,23.0,,,2003,2,2005.0,24.0,,,2002.5,0.0,-2
-2,8600,SQUID_INK,2003,28,,,,,2006,28,,,,,2004.5,0.0,-2
-2,8700,SQUID_INK,2004,9,2003.0,8.0,2002.0,22.0,2006,24,,,,,2005.0,0.0,-2
-2,8800,SQUID_INK,2004,1,2002.0,20.0,,,2005,20,,,,,2004.5,0.0,-2
-2,8900,SQUID_INK,2002,28,,,,,2005,27,,,,,2003.5,0.0,-2
-2,9000,SQUID_INK,2002,31,,,,,2004,7,2005.0,31.0,,,2003.0,0.0,-2
-2,9100,SQUID_INK,2002,24,,,,,2006,24,,,,,2004.0,0.0,-2
-2,9200,SQUID_INK,2002,28,,,,,2005,28,,,,,2003.5,0.0,-2
-2,9300,SQUID_INK,2004,5,2002.0,28.0,,,2006,28,,,,,2005.0,0.0,-2
-2,9400,SQUID_INK,2002,27,,,,,2004,7,2005.0,27.0,,,2003.0,0.0,-2
-2,9500,SQUID_INK,2001,29,,,,,2004,25,,,,,2002.5,0.0,-2
-2,9600,SQUID_INK,2002,3,2001.0,35.0,,,2004,31,,,,,2003.0,0.0,-2
-2,9700,SQUID_INK,2001,30,,,,,2004,30,,,,,2002.5,0.0,-2
-2,9800,SQUID_INK,2002,32,,,,,2005,25,,,,,2003.5,0.0,-2
-2,9900,SQUID_INK,2002,27,,,,,2004,1,2006.0,27.0,,,2003.0,0.0,-2
-2,10000,SQUID_INK,2002,31,,,,,2005,31,,,,,2003.5,0.0,-2
-2,10100,SQUID_INK,2003,6,2002.0,25.0,,,2006,25,,,,,2004.5,0.0,-2
-2,10200,SQUID_INK,2003,30,,,,,2007,30,,,,,2005.0,0.0,-2
-2,10300,SQUID_INK,2006,1,2004.0,23.0,,,2007,23,,,,,2006.5,0.0,-2
-2,10400,SQUID_INK,2004,23,,,,,2007,23,,,,,2005.5,0.0,-2
-2,10500,SQUID_INK,2004,20,,,,,2008,20,,,,,2006.0,0.0,-2
-2,10600,SQUID_INK,2004,30,,,,,2006,4,2007.0,30.0,,,2005.0,0.0,-2
-2,10700,SQUID_INK,2004,29,,,,,2007,29,,,,,2005.5,0.0,-2
-2,10800,SQUID_INK,2003,24,,,,,2006,24,,,,,2004.5,0.0,-2
-2,10900,SQUID_INK,2004,22,,,,,2007,22,,,,,2005.5,0.0,-2
-2,11000,SQUID_INK,2004,27,,,,,2007,27,,,,,2005.5,0.0,-2
-2,11100,SQUID_INK,2004,29,,,,,2007,29,,,,,2005.5,0.0,-2
-2,11200,SQUID_INK,2003,21,,,,,2006,21,,,,,2004.5,0.0,-2
-2,11300,SQUID_INK,2003,22,,,,,2006,23,,,,,2004.5,0.0,-2
-2,11400,SQUID_INK,2002,29,,,,,2006,30,,,,,2004.0,0.0,-2
-2,11500,SQUID_INK,2003,24,,,,,2006,24,,,,,2004.5,0.0,-2
-2,11600,SQUID_INK,2002,30,,,,,2005,30,,,,,2003.5,0.0,-2
-2,11700,SQUID_INK,2003,23,,,,,2006,23,,,,,2004.5,0.0,-2
-2,11800,SQUID_INK,2003,31,,,,,2007,31,,,,,2005.0,0.0,-2
-2,11900,SQUID_INK,2004,1,2003.0,22.0,,,2007,23,,,,,2005.5,0.0,-2
-2,12000,SQUID_INK,2003,28,,,,,2006,30,,,,,2004.5,0.0,-2
-2,12100,SQUID_INK,2003,7,2002.0,21.0,,,2006,21,,,,,2004.5,0.0,-2
-2,12200,SQUID_INK,2001,23,,,,,2004,23,,,,,2002.5,0.0,-2
-2,12300,SQUID_INK,2002,28,,,,,2005,28,,,,,2003.5,0.0,-2
-2,12400,SQUID_INK,2001,25,,,,,2004,25,,,,,2002.5,0.0,-2
-2,12500,SQUID_INK,2002,2,2001.0,28.0,,,2005,29,,,,,2003.5,0.0,-2
-2,12600,SQUID_INK,2000,27,,,,,2004,27,,,,,2002.0,0.0,-2
-2,12700,SQUID_INK,2002,23,,,,,2005,23,,,,,2003.5,0.0,-2
-2,12800,SQUID_INK,2001,20,,,,,2005,20,,,,,2003.0,0.0,-2
-2,12900,SQUID_INK,2003,1,2001.0,20.0,,,2004,20,,,,,2003.5,0.0,-2
-2,13000,SQUID_INK,2002,2,2000.0,31.0,,,2003,31,,,,,2002.5,0.0,-2
-2,13100,SQUID_INK,1999,6,1998.0,1.0,1997.0,21.0,2001,22,,,,,2000.0,0.0,-2
-2,13200,SQUID_INK,1995,23,,,,,1999,23,,,,,1997.0,0.0,-2
-2,13300,SQUID_INK,1996,29,,,,,1999,29,,,,,1997.5,0.0,-2
-2,13400,SQUID_INK,1995,28,,,,,1999,28,,,,,1997.0,0.0,-2
-2,13500,SQUID_INK,1997,26,,,,,1999,4,2000.0,27.0,,,1998.0,0.0,-2
-2,13600,SQUID_INK,1999,3,1998.0,24.0,,,2001,24,,,,,2000.0,0.0,-2
-2,13700,SQUID_INK,1995,21,,,,,1999,21,,,,,1997.0,0.0,-2
-2,13800,SQUID_INK,1995,22,,,,,1998,22,,,,,1996.5,0.0,-2
-2,13900,SQUID_INK,1996,21,,,,,1999,21,,,,,1997.5,0.0,-2
-2,14000,SQUID_INK,1997,25,,,,,2001,25,,,,,1999.0,0.0,-2
-2,14100,SQUID_INK,1998,27,,,,,2001,27,,,,,1999.5,0.0,-2
-2,14200,SQUID_INK,1995,2,1994.0,23.0,,,1998,25,,,,,1996.5,0.0,-2
-2,14300,SQUID_INK,1994,24,,,,,1997,25,,,,,1995.5,0.0,-2
-2,14400,SQUID_INK,1995,20,,,,,1998,20,,,,,1996.5,0.0,-2
-2,14500,SQUID_INK,1996,1,1995.0,30.0,,,1999,31,,,,,1997.5,0.0,-2
-2,14600,SQUID_INK,1996,21,,,,,1999,21,,,,,1997.5,0.0,-2
-2,14700,SQUID_INK,1997,20,,,,,1999,4,2001.0,20.0,,,1998.0,0.0,-2
-2,14800,SQUID_INK,1996,33,,,,,1999,30,,,,,1997.5,0.0,-2
-2,14900,SQUID_INK,1998,1,1997.0,29.0,,,2001,29,,,,,1999.5,0.0,-2
-2,15000,SQUID_INK,1998,23,,,,,2001,23,,,,,1999.5,0.0,-2
-2,15100,SQUID_INK,1997,29,,,,,2001,29,,,,,1999.0,0.0,-2
-2,15200,SQUID_INK,1998,28,,,,,2001,28,,,,,1999.5,0.0,-2
-2,15300,SQUID_INK,1997,26,,,,,2000,26,,,,,1998.5,0.0,-2
-2,15400,SQUID_INK,1996,22,,,,,1999,22,,,,,1997.5,0.0,-2
-2,15500,SQUID_INK,1997,25,,,,,1999,1,2001.0,25.0,,,1998.0,0.0,-2
-2,15600,SQUID_INK,1999,25,,,,,2002,25,,,,,2000.5,0.0,-2
-2,15700,SQUID_INK,1997,31,,,,,2001,31,,,,,1999.0,0.0,-2
-2,15800,SQUID_INK,1998,21,,,,,2001,21,,,,,1999.5,0.0,-2
-2,15900,SQUID_INK,1997,26,,,,,2000,26,,,,,1998.5,0.0,-2
-2,16000,SQUID_INK,1996,22,,,,,1998,8,1999.0,22.0,,,1997.0,0.0,-2
-2,16100,SQUID_INK,1997,1,1995.0,27.0,,,1998,27,,,,,1997.5,0.0,-2
-2,16200,SQUID_INK,1996,4,1995.0,35.0,,,1998,30,,,,,1997.0,0.0,-2
-2,16300,SQUID_INK,1995,30,,,,,1998,30,,,,,1996.5,0.0,-2
-2,16400,SQUID_INK,1994,29,,,,,1995,6,1997.0,29.0,,,1994.5,0.0,-2
-2,16500,SQUID_INK,1994,27,,,,,1997,27,,,,,1995.5,0.0,-2
-2,16600,SQUID_INK,1994,23,,,,,1998,23,,,,,1996.0,0.0,-2
-2,16700,SQUID_INK,1994,24,,,,,1998,24,,,,,1996.0,0.0,-2
-2,16800,SQUID_INK,1994,21,,,,,1997,21,,,,,1995.5,0.0,-2
-2,16900,SQUID_INK,1994,26,,,,,1997,26,,,,,1995.5,0.0,-2
-2,17000,SQUID_INK,1993,29,,,,,1997,29,,,,,1995.0,0.0,-2
-2,17100,SQUID_INK,1993,25,,,,,1997,25,,,,,1995.0,0.0,-2
-2,17200,SQUID_INK,1994,20,,,,,1997,30,,,,,1995.5,0.0,-2
-2,17300,SQUID_INK,1995,25,,,,,1998,25,,,,,1996.5,0.0,-2
-2,17400,SQUID_INK,1995,26,,,,,1999,26,,,,,1997.0,0.0,-2
-2,17500,SQUID_INK,1996,3,1995.0,22.0,,,1998,1,1999.0,21.0,,,1997.0,0.0,-2
-2,17600,SQUID_INK,1994,31,,,,,1998,31,,,,,1996.0,0.0,-2
-2,17700,SQUID_INK,1994,28,,,,,1997,28,,,,,1995.5,0.0,-2
-2,17800,SQUID_INK,1995,30,,,,,1998,30,,,,,1996.5,0.0,-2
-2,17900,SQUID_INK,1994,22,,,,,1997,22,,,,,1995.5,0.0,-2
-2,18000,SQUID_INK,1995,3,1994.0,30.0,,,1997,30,,,,,1996.0,0.0,-2
-2,18100,SQUID_INK,1994,26,,,,,1997,27,,,,,1995.5,0.0,-2
-2,18200,SQUID_INK,1994,37,,,,,1997,29,,,,,1995.5,0.0,-2
-2,18300,SQUID_INK,1993,27,,,,,1995,8,1996.0,27.0,,,1994.0,0.0,-2
-2,18400,SQUID_INK,1993,21,,,,,1997,21,,,,,1995.0,0.0,-2
-2,18500,SQUID_INK,1993,26,,,,,1995,7,1997.0,26.0,,,1994.0,0.0,-2
-2,18600,SQUID_INK,1993,30,,,,,1996,1,1997.0,30.0,,,1994.5,0.0,-2
-2,18700,SQUID_INK,1995,3,1994.0,10.0,1993.0,30.0,1997,32,,,,,1996.0,0.0,-2
-2,18800,SQUID_INK,1994,26,,,,,1997,26,,,,,1995.5,0.0,-2
-2,18900,SQUID_INK,1994,25,,,,,1996,5,1997.0,25.0,,,1995.0,0.0,-2
-2,19000,SQUID_INK,1995,24,,,,,1998,24,,,,,1996.5,0.0,-2
-2,19100,SQUID_INK,1994,24,,,,,1996,8,1998.0,24.0,,,1995.0,0.0,-2
-2,19200,SQUID_INK,1993,23,,,,,1996,24,,,,,1994.5,0.0,-2
-2,19300,SQUID_INK,1994,31,,,,,1997,31,,,,,1995.5,0.0,-2
-2,19400,SQUID_INK,1993,22,,,,,1997,23,,,,,1995.0,0.0,-2
-2,19500,SQUID_INK,1994,2,1993.0,29.0,,,1997,31,,,,,1995.5,0.0,-2
-2,19600,SQUID_INK,1995,22,,,,,1998,22,,,,,1996.5,0.0,-2
-2,19700,SQUID_INK,1995,26,,,,,1998,26,,,,,1996.5,0.0,-2
-2,19800,SQUID_INK,1995,23,,,,,1998,23,,,,,1996.5,0.0,-2
-2,19900,SQUID_INK,1995,2,1994.0,24.0,,,1998,26,,,,,1996.5,0.0,-2
-2,20000,SQUID_INK,1994,28,,,,,1998,28,,,,,1996.0,0.0,-2
-2,20100,SQUID_INK,1994,30,,,,,1996,7,1997.0,30.0,,,1995.0,0.0,-2
-2,20200,SQUID_INK,1995,29,,,,,1998,28,,,,,1996.5,0.0,-2
-2,20300,SQUID_INK,1996,1,1994.0,26.0,,,1997,25,,,,,1996.5,0.0,-2
-2,20400,SQUID_INK,1993,25,,,,,1997,25,,,,,1995.0,0.0,-2
-2,20500,SQUID_INK,1993,25,,,,,1995,7,1996.0,1.0,1997.0,24.0,1994.0,0.0,-2
-2,20600,SQUID_INK,1994,21,,,,,1997,21,,,,,1995.5,0.0,-2
-2,20700,SQUID_INK,1995,23,,,,,1998,1,1999.0,22.0,,,1996.5,0.0,-2
-2,20800,SQUID_INK,1995,7,1994.0,21.0,,,1998,23,,,,,1996.5,0.0,-2
-2,20900,SQUID_INK,1993,30,,,,,1997,30,,,,,1995.0,0.0,-2
-2,21000,SQUID_INK,1992,29,,,,,1995,29,,,,,1993.5,0.0,-2
-2,21100,SQUID_INK,1992,23,,,,,1995,23,,,,,1993.5,0.0,-2
-2,21200,SQUID_INK,1991,28,,,,,1994,28,,,,,1992.5,0.0,-2
-2,21300,SQUID_INK,1992,2,1991.0,27.0,,,1995,29,,,,,1993.5,0.0,-2
-2,21400,SQUID_INK,1991,23,,,,,1993,6,1995.0,23.0,,,1992.0,0.0,-2
-2,21500,SQUID_INK,1992,26,,,,,1995,26,,,,,1993.5,0.0,-2
-2,21600,SQUID_INK,1991,23,,,,,1993,8,1994.0,23.0,,,1992.0,0.0,-2
-2,21700,SQUID_INK,1990,22,,,,,1993,22,,,,,1991.5,0.0,-2
-2,21800,SQUID_INK,1991,27,,,,,1993,5,1994.0,27.0,,,1992.0,0.0,-2
-2,21900,SQUID_INK,1990,21,,,,,1994,21,,,,,1992.0,0.0,-2
-2,22000,SQUID_INK,1990,24,,,,,1994,24,,,,,1992.0,0.0,-2
-2,22100,SQUID_INK,1992,2,1991.0,26.0,,,1995,26,,,,,1993.5,0.0,-2
-2,22200,SQUID_INK,1991,27,,,,,1995,27,,,,,1993.0,0.0,-2
-2,22300,SQUID_INK,1991,27,,,,,1992,1,1995.0,27.0,,,1991.5,0.0,-2
-2,22400,SQUID_INK,1995,1,1993.0,29.0,,,1996,29,,,,,1995.5,0.0,-2
-2,22500,SQUID_INK,1994,5,1993.0,29.0,,,1997,30,,,,,1995.5,0.0,-2
-2,22600,SQUID_INK,1994,20,,,,,1996,7,1997.0,22.0,,,1995.0,0.0,-2
-2,22700,SQUID_INK,1994,35,,,,,1997,27,,,,,1995.5,0.0,-2
-2,22800,SQUID_INK,1994,22,,,,,1997,22,,,,,1995.5,0.0,-2
-2,22900,SQUID_INK,1994,22,,,,,1995,2,1998.0,22.0,,,1994.5,0.0,-2
-2,23000,SQUID_INK,1994,26,,,,,1997,26,,,,,1995.5,0.0,-2
-2,23100,SQUID_INK,1994,22,,,,,1996,2,1997.0,1.0,1998.0,21.0,1995.0,0.0,-2
-2,23200,SQUID_INK,1995,29,,,,,1998,29,,,,,1996.5,0.0,-2
-2,23300,SQUID_INK,1996,4,1995.0,27.0,,,1998,22,,,,,1997.0,0.0,-2
-2,23400,SQUID_INK,1994,21,,,,,1998,21,,,,,1996.0,0.0,-2
-2,23500,SQUID_INK,1994,22,,,,,1997,22,,,,,1995.5,0.0,-2
-2,23600,SQUID_INK,1995,4,1994.0,23.0,,,1997,1,1998.0,22.0,,,1996.0,0.0,-2
-2,23700,SQUID_INK,1995,27,,,,,1997,1,1998.0,27.0,,,1996.0,0.0,-2
-2,23800,SQUID_INK,1994,2,1993.0,27.0,,,1997,29,,,,,1995.5,0.0,-2
-2,23900,SQUID_INK,1992,23,,,,,1996,23,,,,,1994.0,0.0,-2
-2,24000,SQUID_INK,1994,2,1992.0,26.0,,,1995,26,,,,,1994.5,0.0,-2
-2,24100,SQUID_INK,1993,31,,,,,1996,31,,,,,1994.5,0.0,-2
-2,24200,SQUID_INK,1992,32,,,,,1994,5,1995.0,2.0,1996.0,30.0,1993.0,0.0,-2
-2,24300,SQUID_INK,1992,29,,,,,1996,29,,,,,1994.0,0.0,-2
-2,24400,SQUID_INK,1992,33,,,,,1995,29,,,,,1993.5,0.0,-2
-2,24500,SQUID_INK,1994,1,1992.0,22.0,,,1995,22,,,,,1994.5,0.0,-2
-2,24600,SQUID_INK,1991,30,,,,,1994,30,,,,,1992.5,0.0,-2
-2,24700,SQUID_INK,1990,27,,,,,1992,8,1994.0,27.0,,,1991.0,0.0,-2
-2,24800,SQUID_INK,1989,23,,,,,1993,23,,,,,1991.0,0.0,-2
-2,24900,SQUID_INK,1989,28,,,,,1992,2,1993.0,26.0,,,1990.5,0.0,-2
-2,25000,SQUID_INK,1989,24,,,,,1993,24,,,,,1991.0,0.0,-2
-2,25100,SQUID_INK,1992,1,1989.0,24.0,,,1993,24,,,,,1992.5,0.0,-2
-2,25200,SQUID_INK,1989,26,,,,,1992,1,1993.0,25.0,,,1990.5,0.0,-2
-2,25300,SQUID_INK,1991,23,,,,,1993,2,1995.0,23.0,,,1992.0,0.0,-2
-2,25400,SQUID_INK,1993,22,,,,,1996,22,,,,,1994.5,0.0,-2
-2,25500,SQUID_INK,1992,31,,,,,1995,31,,,,,1993.5,0.0,-2
-2,25600,SQUID_INK,1991,31,,,,,1993,5,1995.0,31.0,,,1992.0,0.0,-2
-2,25700,SQUID_INK,1992,30,,,,,1995,30,,,,,1993.5,0.0,-2
-2,25800,SQUID_INK,1992,3,1991.0,24.0,,,1995,24,,,,,1993.5,0.0,-2
-2,25900,SQUID_INK,1991,25,,,,,1993,1,1994.0,25.0,,,1992.0,0.0,-2
-2,26000,SQUID_INK,1992,2,1991.0,24.0,,,1995,26,,,,,1993.5,0.0,-2
-2,26100,SQUID_INK,1991,23,,,,,1995,23,,,,,1993.0,0.0,-2
-2,26200,SQUID_INK,1992,1,1990.0,30.0,,,1993,30,,,,,1992.5,0.0,-2
-2,26300,SQUID_INK,1992,27,,,,,1994,1,1995.0,28.0,,,1993.0,0.0,-2
-2,26400,SQUID_INK,1991,23,,,,,1995,24,,,,,1993.0,0.0,-2
-2,26500,SQUID_INK,1991,26,,,,,1994,26,,,,,1992.5,0.0,-2
-2,26600,SQUID_INK,1992,23,,,,,1995,23,,,,,1993.5,0.0,-2
-2,26700,SQUID_INK,1995,2,1994.0,23.0,,,1996,3,1997.0,23.0,,,1995.5,0.0,-2
-2,26800,SQUID_INK,1996,1,1994.0,22.0,,,1997,22,,,,,1996.5,0.0,-2
-2,26900,SQUID_INK,1994,26,,,,,1997,26,,,,,1995.5,0.0,-2
-2,27000,SQUID_INK,1992,17,,,,,1995,21,,,,,1993.5,0.0,-2
-2,27100,SQUID_INK,1991,30,,,,,1995,30,,,,,1993.0,0.0,-2
-2,27200,SQUID_INK,1991,27,,,,,1993,4,1994.0,28.0,,,1992.0,0.0,-2
-2,27300,SQUID_INK,1991,30,,,,,1995,30,,,,,1993.0,0.0,-2
-2,27400,SQUID_INK,1992,23,,,,,1993,6,1995.0,23.0,,,1992.5,0.0,-2
-2,27500,SQUID_INK,1992,28,,,,,1995,28,,,,,1993.5,0.0,-2
-2,27600,SQUID_INK,1992,30,,,,,1994,1,1995.0,30.0,,,1993.0,0.0,-2
-2,27700,SQUID_INK,1993,3,1992.0,27.0,,,1995,27,,,,,1994.0,0.0,-2
-2,27800,SQUID_INK,1993,24,,,,,1996,24,,,,,1994.5,0.0,-2
-2,27900,SQUID_INK,1992,23,,,,,1995,23,,,,,1993.5,0.0,-2
-2,28000,SQUID_INK,1993,29,,,,,1996,29,,,,,1994.5,0.0,-2
-2,28100,SQUID_INK,1993,24,,,,,1994,5,1996.0,24.0,,,1993.5,0.0,-2
-2,28200,SQUID_INK,1994,3,1993.0,23.0,,,1997,25,,,,,1995.5,0.0,-2
-2,28300,SQUID_INK,1992,27,,,,,1994,7,1996.0,27.0,,,1993.0,0.0,-2
-2,28400,SQUID_INK,1992,25,,,,,1996,25,,,,,1994.0,0.0,-2
-2,28500,SQUID_INK,1992,27,,,,,1996,27,,,,,1994.0,0.0,-2
-2,28600,SQUID_INK,1992,26,,,,,1995,2,1996.0,24.0,,,1993.5,0.0,-2
-2,28700,SQUID_INK,1993,34,,,,,1996,32,,,,,1994.5,0.0,-2
-2,28800,SQUID_INK,1995,1,1993.0,29.0,,,1996,29,,,,,1995.5,0.0,-2
-2,28900,SQUID_INK,1993,22,,,,,1996,22,,,,,1994.5,0.0,-2
-2,29000,SQUID_INK,1992,26,,,,,1995,26,,,,,1993.5,0.0,-2
-2,29100,SQUID_INK,1992,30,,,,,1995,22,,,,,1993.5,0.0,-2
-2,29200,SQUID_INK,1994,2,1992.0,30.0,,,1995,30,,,,,1994.5,0.0,-2
-2,29300,SQUID_INK,1993,3,1992.0,23.0,,,1996,23,,,,,1994.5,0.0,-2
-2,29400,SQUID_INK,1991,25,,,,,1995,25,,,,,1993.0,0.0,-2
-2,29500,SQUID_INK,1990,31,,,,,1993,31,,,,,1991.5,0.0,-2
-2,29600,SQUID_INK,1990,24,,,,,1994,24,,,,,1992.0,0.0,-2
-2,29700,SQUID_INK,1990,1,1989.0,29.0,,,1993,30,,,,,1991.5,0.0,-2
-2,29800,SQUID_INK,1989,22,,,,,1992,2,1993.0,20.0,,,1990.5,0.0,-2
-2,29900,SQUID_INK,1989,29,,,,,1991,1,1993.0,29.0,,,1990.0,0.0,-2
-2,30000,SQUID_INK,1987,28,,,,,1990,28,,,,,1988.5,0.0,-2
-2,30100,SQUID_INK,1987,6,1986.0,7.0,1985.0,21.0,1989,21,,,,,1988.0,0.0,-2
-2,30200,SQUID_INK,1986,28,,,,,1989,28,,,,,1987.5,0.0,-2
-2,30300,SQUID_INK,1988,1,1986.0,32.0,,,1989,30,,,,,1988.5,0.0,-2
-2,30400,SQUID_INK,1986,29,,,,,1989,30,,,,,1987.5,0.0,-2
-2,30500,SQUID_INK,1985,20,,,,,1989,20,,,,,1987.0,0.0,-2
-2,30600,SQUID_INK,1985,30,,,,,1989,30,,,,,1987.0,0.0,-2
-2,30700,SQUID_INK,1985,25,,,,,1989,25,,,,,1987.0,0.0,-2
-2,30800,SQUID_INK,1984,30,,,,,1988,30,,,,,1986.0,0.0,-2
-2,30900,SQUID_INK,1984,28,,,,,1987,29,,,,,1985.5,0.0,-2
-2,31000,SQUID_INK,1985,2,1984.0,28.0,,,1986,2,1988.0,30.0,,,1985.5,0.0,-2
-2,31100,SQUID_INK,1985,25,,,,,1987,4,1989.0,25.0,,,1986.0,0.0,-2
-2,31200,SQUID_INK,1983,20,,,,,1985,1,1986.0,26.0,,,1984.0,0.0,-2
-2,31300,SQUID_INK,1984,1,1982.0,23.0,,,1985,1,1986.0,22.0,,,1984.5,0.0,-2
-2,31400,SQUID_INK,1983,26,,,,,1986,2,1987.0,24.0,,,1984.5,0.0,-2
-2,31500,SQUID_INK,1983,32,,,,,1986,32,,,,,1984.5,0.0,-2
-2,31600,SQUID_INK,1983,24,,,,,1986,24,,,,,1984.5,0.0,-2
-2,31700,SQUID_INK,1984,1,1982.0,34.0,,,1985,26,,,,,1984.5,0.0,-2
-2,31800,SQUID_INK,1984,25,,,,,1987,25,,,,,1985.5,0.0,-2
-2,31900,SQUID_INK,1984,30,,,,,1987,30,,,,,1985.5,0.0,-2
-2,32000,SQUID_INK,1986,21,,,,,1988,8,1989.0,22.0,,,1987.0,0.0,-2
-2,32100,SQUID_INK,1986,22,,,,,1988,4,1989.0,23.0,,,1987.0,0.0,-2
-2,32200,SQUID_INK,1986,31,,,,,1989,1,1990.0,30.0,,,1987.5,0.0,-2
-2,32300,SQUID_INK,1988,1,1987.0,3.0,1986.0,2.0,1989,22,,,,,1988.5,0.0,-2
-2,32400,SQUID_INK,1987,30,,,,,1991,30,,,,,1989.0,0.0,-2
-2,32500,SQUID_INK,1989,22,,,,,1991,1,1993.0,22.0,,,1990.0,0.0,-2
-2,32600,SQUID_INK,1989,23,,,,,1993,23,,,,,1991.0,0.0,-2
-2,32700,SQUID_INK,1992,1,1990.0,31.0,,,1994,31,,,,,1993.0,0.0,-2
-2,32800,SQUID_INK,1989,26,,,,,1990,5,1992.0,26.0,,,1989.5,0.0,-2
-2,32900,SQUID_INK,1989,32,,,,,1992,32,,,,,1990.5,0.0,-2
-2,33000,SQUID_INK,1990,30,,,,,1993,26,,,,,1991.5,0.0,-2
-2,33100,SQUID_INK,1991,35,,,,,1994,27,,,,,1992.5,0.0,-2
-2,33200,SQUID_INK,1991,4,1990.0,21.0,,,1994,21,,,,,1992.5,0.0,-2
-2,33300,SQUID_INK,1990,24,,,,,1991,6,1994.0,26.0,,,1990.5,0.0,-2
-2,33400,SQUID_INK,1990,30,,,,,1993,30,,,,,1991.5,0.0,-2
-2,33500,SQUID_INK,1990,28,,,,,1994,28,,,,,1992.0,0.0,-2
-2,33600,SQUID_INK,1990,26,,,,,1993,26,,,,,1991.5,0.0,-2
-2,33700,SQUID_INK,1991,25,,,,,1994,25,,,,,1992.5,0.0,-2
-2,33800,SQUID_INK,1993,5,1992.0,20.0,,,1996,20,,,,,1994.5,0.0,-2
-2,33900,SQUID_INK,1995,1,1993.0,21.0,,,1996,21,,,,,1995.5,0.0,-2
-2,34000,SQUID_INK,1995,1,1993.0,26.0,,,1997,26,,,,,1996.0,0.0,-2
-2,34100,SQUID_INK,1992,23,,,,,1995,23,,,,,1993.5,0.0,-2
-2,34200,SQUID_INK,1992,23,,,,,1996,23,,,,,1994.0,0.0,-2
-2,34300,SQUID_INK,1993,29,,,,,1996,29,,,,,1994.5,0.0,-2
-2,34400,SQUID_INK,1994,31,,,,,1997,31,,,,,1995.5,0.0,-2
-2,34500,SQUID_INK,1993,28,,,,,1996,25,,,,,1994.5,0.0,-2
-2,34600,SQUID_INK,1992,28,,,,,1995,28,,,,,1993.5,0.0,-2
-2,34700,SQUID_INK,1992,34,,,,,1995,31,,,,,1993.5,0.0,-2
-2,34800,SQUID_INK,1991,23,,,,,1993,4,1994.0,23.0,,,1992.0,0.0,-2
-2,34900,SQUID_INK,1990,26,,,,,1994,27,,,,,1992.0,0.0,-2
-2,35000,SQUID_INK,1991,17,,,,,1994,21,,,,,1992.5,0.0,-2
-2,35100,SQUID_INK,1991,24,,,,,1995,24,,,,,1993.0,0.0,-2
-2,35200,SQUID_INK,1991,26,,,,,1993,5,1994.0,26.0,,,1992.0,0.0,-2
-2,35300,SQUID_INK,1993,6,1992.0,21.0,,,1996,21,,,,,1994.5,0.0,-2
-2,35400,SQUID_INK,1993,3,1992.0,22.0,,,1996,22,,,,,1994.5,0.0,-2
-2,35500,SQUID_INK,1991,23,,,,,1994,23,,,,,1992.5,0.0,-2
-2,35600,SQUID_INK,1990,27,,,,,1993,27,,,,,1991.5,0.0,-2
-2,35700,SQUID_INK,1990,24,,,,,1993,1,1994.0,24.0,,,1991.5,0.0,-2
-2,35800,SQUID_INK,1991,33,,,,,1994,27,,,,,1992.5,0.0,-2
-2,35900,SQUID_INK,1990,23,,,,,1994,23,,,,,1992.0,0.0,-2
-2,36000,SQUID_INK,1991,28,,,,,1994,28,,,,,1992.5,0.0,-2
-2,36100,SQUID_INK,1992,4,1990.0,29.0,,,1993,29,,,,,1992.5,0.0,-2
-2,36200,SQUID_INK,1990,27,,,,,1993,30,,,,,1991.5,0.0,-2
-2,36300,SQUID_INK,1989,25,,,,,1992,25,,,,,1990.5,0.0,-2
-2,36400,SQUID_INK,1991,31,,,,,1994,31,,,,,1992.5,0.0,-2
-2,36500,SQUID_INK,1991,24,,,,,1993,4,1994.0,24.0,,,1992.0,0.0,-2
-2,36600,SQUID_INK,1991,29,,,,,1995,29,,,,,1993.0,0.0,-2
-2,36700,SQUID_INK,1991,32,,,,,1995,32,,,,,1993.0,0.0,-2
-2,36800,SQUID_INK,1991,2,1989.0,24.0,,,1993,24,,,,,1992.0,0.0,-2
-2,36900,SQUID_INK,1989,23,,,,,1993,23,,,,,1991.0,0.0,-2
-2,37000,SQUID_INK,1989,28,,,,,1992,28,,,,,1990.5,0.0,-2
-2,37100,SQUID_INK,1989,20,,,,,1993,20,,,,,1991.0,0.0,-2
-2,37200,SQUID_INK,1990,36,,,,,1993,29,,,,,1991.5,0.0,-2
-2,37300,SQUID_INK,1990,22,,,,,1993,23,,,,,1991.5,0.0,-2
-2,37400,SQUID_INK,1990,30,,,,,1994,30,,,,,1992.0,0.0,-2
-2,37500,SQUID_INK,1991,23,,,,,1994,1,1995.0,22.0,,,1992.5,0.0,-2
-2,37600,SQUID_INK,1991,23,,,,,1994,23,,,,,1992.5,0.0,-2
-2,37700,SQUID_INK,1992,1,1991.0,20.0,,,1995,21,,,,,1993.5,0.0,-2
-2,37800,SQUID_INK,1989,22,,,,,1993,22,,,,,1991.0,0.0,-2
-2,37900,SQUID_INK,1990,29,,,,,1993,24,,,,,1991.5,0.0,-2
-2,38000,SQUID_INK,1991,25,,,,,1994,25,,,,,1992.5,0.0,-2
-2,38100,SQUID_INK,1991,27,,,,,1994,27,,,,,1992.5,0.0,-2
-2,38200,SQUID_INK,1990,22,,,,,1993,2,1994.0,20.0,,,1991.5,0.0,-2
-2,38300,SQUID_INK,1991,22,,,,,1994,22,,,,,1992.5,0.0,-2
-2,38400,SQUID_INK,1991,26,,,,,1994,26,,,,,1992.5,0.0,-2
-2,38500,SQUID_INK,1991,21,,,,,1995,21,,,,,1993.0,0.0,-2
-2,38600,SQUID_INK,1991,29,,,,,1995,29,,,,,1993.0,0.0,-2
-2,38700,SQUID_INK,1992,4,1991.0,32.0,,,1993,8,1994.0,32.0,,,1992.5,0.0,-2
-2,38800,SQUID_INK,1991,1,1990.0,24.0,,,1993,2,1994.0,22.0,,,1992.0,0.0,-2
-2,38900,SQUID_INK,1990,20,,,,,1993,21,,,,,1991.5,0.0,-2
-2,39000,SQUID_INK,1990,30,,,,,1993,30,,,,,1991.5,0.0,-2
-2,39100,SQUID_INK,1989,25,,,,,1992,25,,,,,1990.5,0.0,-2
-2,39200,SQUID_INK,1989,22,,,,,1992,22,,,,,1990.5,0.0,-2
-2,39300,SQUID_INK,1988,29,,,,,1990,2,1991.0,1.0,1992.0,28.0,1989.0,0.0,-2
-2,39400,SQUID_INK,1989,30,,,,,1992,26,,,,,1990.5,0.0,-2
-2,39500,SQUID_INK,1991,1,1989.0,31.0,,,1992,31,,,,,1991.5,0.0,-2
-2,39600,SQUID_INK,1990,2,1989.0,26.0,,,1993,28,,,,,1991.5,0.0,-2
-2,39700,SQUID_INK,1989,23,,,,,1992,23,,,,,1990.5,0.0,-2
-2,39800,SQUID_INK,1988,24,,,,,1989,4,1992.0,24.0,,,1988.5,0.0,-2
-2,39900,SQUID_INK,1988,23,,,,,1991,23,,,,,1989.5,0.0,-2
-2,40000,SQUID_INK,1988,27,,,,,1991,27,,,,,1989.5,0.0,-2
-2,40100,SQUID_INK,1988,27,,,,,1991,1,1992.0,26.0,,,1989.5,0.0,-2
-2,40200,SQUID_INK,1990,5,1988.0,29.0,,,1991,29,,,,,1990.5,0.0,-2
-2,40300,SQUID_INK,1989,26,,,,,1992,28,,,,,1990.5,0.0,-2
-2,40400,SQUID_INK,1989,37,,,,,1992,30,,,,,1990.5,0.0,-2
-2,40500,SQUID_INK,1989,30,,,,,1992,30,,,,,1990.5,0.0,-2
-2,40600,SQUID_INK,1989,2,1988.0,29.0,,,1992,29,,,,,1990.5,0.0,-2
-2,40700,SQUID_INK,1990,3,1988.0,29.0,,,1991,24,,,,,1990.5,0.0,-2
-2,40800,SQUID_INK,1988,24,,,,,1992,24,,,,,1990.0,0.0,-2
-2,40900,SQUID_INK,1988,23,,,,,1989,3,1992.0,23.0,,,1988.5,0.0,-2
-2,41000,SQUID_INK,1990,2,1989.0,4.0,1988.0,24.0,1992,24,,,,,1991.0,0.0,-2
-2,41100,SQUID_INK,1991,9,1989.0,26.0,,,1992,26,,,,,1991.5,0.0,-2
-2,41200,SQUID_INK,1989,2,1988.0,25.0,,,1991,25,,,,,1990.0,0.0,-2
-2,41300,SQUID_INK,1988,30,,,,,1991,2,1992.0,28.0,,,1989.5,0.0,-2
-2,41400,SQUID_INK,1986,31,,,,,1988,6,1989.0,31.0,,,1987.0,0.0,-2
-2,41500,SQUID_INK,1985,23,,,,,1986,6,1987.0,8.0,1988.0,2.0,1985.5,0.0,-2
-2,41600,SQUID_INK,1986,23,,,,,1990,23,,,,,1988.0,0.0,-2
-2,41700,SQUID_INK,1986,29,,,,,1989,29,,,,,1987.5,0.0,-2
-2,41800,SQUID_INK,1986,31,,,,,1988,1,1989.0,31.0,,,1987.0,0.0,-2
-2,41900,SQUID_INK,1986,30,,,,,1987,3,1989.0,30.0,,,1986.5,0.0,-2
-2,42000,SQUID_INK,1986,20,,,,,1989,20,,,,,1987.5,0.0,-2
-2,42100,SQUID_INK,1985,27,,,,,1988,21,,,,,1986.5,0.0,-2
-2,42200,SQUID_INK,1983,22,,,,,1987,22,,,,,1985.0,0.0,-2
-2,42300,SQUID_INK,1984,24,,,,,1986,4,1987.0,24.0,,,1985.0,0.0,-2
-2,42400,SQUID_INK,1984,2,1983.0,25.0,,,1987,27,,,,,1985.5,0.0,-2
-2,42500,SQUID_INK,1984,2,1983.0,22.0,,,1987,24,,,,,1985.5,0.0,-2
-2,42600,SQUID_INK,1985,24,,,,,1988,24,,,,,1986.5,0.0,-2
-2,42700,SQUID_INK,1987,5,1985.0,29.0,,,1988,24,,,,,1987.5,0.0,-2
-2,42800,SQUID_INK,1986,27,,,,,1989,27,,,,,1987.5,0.0,-2
-2,42900,SQUID_INK,1986,28,,,,,1988,7,1989.0,28.0,,,1987.0,0.0,-2
-2,43000,SQUID_INK,1985,21,,,,,1989,21,,,,,1987.0,0.0,-2
-2,43100,SQUID_INK,1984,21,,,,,1986,3,1987.0,21.0,,,1985.0,0.0,-2
-2,43200,SQUID_INK,1984,32,,,,,1987,29,,,,,1985.5,0.0,-2
-2,43300,SQUID_INK,1985,25,,,,,1988,25,,,,,1986.5,0.0,-2
-2,43400,SQUID_INK,1985,28,,,,,1988,28,,,,,1986.5,0.0,-2
-2,43500,SQUID_INK,1985,23,,,,,1988,2,1989.0,22.0,,,1986.5,0.0,-2
-2,43600,SQUID_INK,1986,22,,,,,1989,22,,,,,1987.5,0.0,-2
-2,43700,SQUID_INK,1987,1,1985.0,30.0,,,1988,30,,,,,1987.5,0.0,-2
-2,43800,SQUID_INK,1987,30,,,,,1990,29,,,,,1988.5,0.0,-2
-2,43900,SQUID_INK,1988,23,,,,,1992,24,,,,,1990.0,0.0,-2
-2,44000,SQUID_INK,1990,30,,,,,1992,3,1993.0,30.0,,,1991.0,0.0,-2
-2,44100,SQUID_INK,1991,36,,,,,1994,30,,,,,1992.5,0.0,-2
-2,44200,SQUID_INK,1991,27,,,,,1994,27,,,,,1992.5,0.0,-2
-2,44300,SQUID_INK,1990,28,,,,,1992,1,1993.0,28.0,,,1991.0,0.0,-2
-2,44400,SQUID_INK,1990,23,,,,,1992,6,1993.0,23.0,,,1991.0,0.0,-2
-2,44500,SQUID_INK,1990,29,,,,,1992,1,1993.0,29.0,,,1991.0,0.0,-2
-2,44600,SQUID_INK,1990,26,,,,,1993,26,,,,,1991.5,0.0,-2
-2,44700,SQUID_INK,1992,1,1990.0,28.0,,,1993,1,1994.0,27.0,,,1992.5,0.0,-2
-2,44800,SQUID_INK,1992,9,1990.0,24.0,,,1993,24,,,,,1992.5,0.0,-2
-2,44900,SQUID_INK,1989,31,,,,,1992,30,,,,,1990.5,0.0,-2
-2,45000,SQUID_INK,1989,24,,,,,1992,25,,,,,1990.5,0.0,-2
-2,45100,SQUID_INK,1988,26,,,,,1992,26,,,,,1990.0,0.0,-2
-2,45200,SQUID_INK,1987,24,,,,,1990,24,,,,,1988.5,0.0,-2
-2,45300,SQUID_INK,1987,30,,,,,1990,30,,,,,1988.5,0.0,-2
-2,45400,SQUID_INK,1987,30,,,,,1990,25,,,,,1988.5,0.0,-2
-2,45500,SQUID_INK,1991,1,1988.0,29.0,,,1992,29,,,,,1991.5,0.0,-2
-2,45600,SQUID_INK,1992,27,,,,,1995,27,,,,,1993.5,0.0,-2
-2,45700,SQUID_INK,1991,22,,,,,1994,22,,,,,1992.5,0.0,-2
-2,45800,SQUID_INK,1990,26,,,,,1993,21,,,,,1991.5,0.0,-2
-2,45900,SQUID_INK,1990,28,,,,,1992,3,1993.0,28.0,,,1991.0,0.0,-2
-2,46000,SQUID_INK,1988,26,,,,,1990,1,1992.0,26.0,,,1989.0,0.0,-2
-2,46100,SQUID_INK,1988,24,,,,,1992,24,,,,,1990.0,0.0,-2
-2,46200,SQUID_INK,1989,20,,,,,1991,1,1993.0,20.0,,,1990.0,0.0,-2
-2,46300,SQUID_INK,1990,26,,,,,1993,23,,,,,1991.5,0.0,-2
-2,46400,SQUID_INK,1990,26,,,,,1994,26,,,,,1992.0,0.0,-2
-2,46500,SQUID_INK,1989,26,,,,,1992,2,1993.0,24.0,,,1990.5,0.0,-2
-2,46600,SQUID_INK,1989,22,,,,,1992,22,,,,,1990.5,0.0,-2
-2,46700,SQUID_INK,1991,29,,,,,1994,27,,,,,1992.5,0.0,-2
-2,46800,SQUID_INK,1991,30,,,,,1992,5,1994.0,31.0,,,1991.5,0.0,-2
-2,46900,SQUID_INK,1991,34,,,,,1994,31,,,,,1992.5,0.0,-2
-2,47000,SQUID_INK,1991,8,1990.0,29.0,,,1994,29,,,,,1992.5,0.0,-2
-2,47100,SQUID_INK,1991,2,1990.0,26.0,,,1994,28,,,,,1992.5,0.0,-2
-2,47200,SQUID_INK,1993,1,1992.0,5.0,1991.0,26.0,1994,26,,,,,1993.5,0.0,-2
-2,47300,SQUID_INK,1989,31,,,,,1992,31,,,,,1990.5,0.0,-2
-2,47400,SQUID_INK,1990,28,,,,,1993,29,,,,,1991.5,0.0,-2
-2,47500,SQUID_INK,1992,1,1990.0,27.0,,,1993,27,,,,,1992.5,0.0,-2
-2,47600,SQUID_INK,1990,8,1988.0,27.0,,,1991,1,1992.0,26.0,,,1990.5,0.0,-2
-2,47700,SQUID_INK,1989,23,,,,,1991,2,1992.0,24.0,,,1990.0,0.0,-2
-2,47800,SQUID_INK,1989,25,,,,,1992,25,,,,,1990.5,0.0,-2
-2,47900,SQUID_INK,1989,26,,,,,1992,26,,,,,1990.5,0.0,-2
-2,48000,SQUID_INK,1989,28,,,,,1992,28,,,,,1990.5,0.0,-2
-2,48100,SQUID_INK,1991,10,1989.0,24.0,,,1992,2,1993.0,22.0,,,1991.5,0.0,-2
-2,48200,SQUID_INK,1987,25,,,,,1989,6,1990.0,1.0,1991.0,24.0,1988.0,0.0,-2
-2,48300,SQUID_INK,1988,26,,,,,1992,26,,,,,1990.0,0.0,-2
-2,48400,SQUID_INK,1990,30,,,,,1993,30,,,,,1991.5,0.0,-2
-2,48500,SQUID_INK,1989,25,,,,,1993,25,,,,,1991.0,0.0,-2
-2,48600,SQUID_INK,1991,23,,,,,1993,2,1994.0,24.0,,,1992.0,0.0,-2
-2,48700,SQUID_INK,1990,20,,,,,1992,2,1993.0,21.0,,,1991.0,0.0,-2
-2,48800,SQUID_INK,1991,25,,,,,1994,25,,,,,1992.5,0.0,-2
-2,48900,SQUID_INK,1991,27,,,,,1994,28,,,,,1992.5,0.0,-2
-2,49000,SQUID_INK,1991,21,,,,,1994,21,,,,,1992.5,0.0,-2
-2,49100,SQUID_INK,1991,2,1990.0,28.0,,,1994,28,,,,,1992.5,0.0,-2
-2,49200,SQUID_INK,1990,29,,,,,1993,29,,,,,1991.5,0.0,-2
-2,49300,SQUID_INK,1990,26,,,,,1993,22,,,,,1991.5,0.0,-2
-2,49400,SQUID_INK,1990,20,,,,,1994,21,,,,,1992.0,0.0,-2
-2,49500,SQUID_INK,1993,1,1991.0,30.0,,,1994,30,,,,,1993.5,0.0,-2
-2,49600,SQUID_INK,1990,30,,,,,1992,5,1993.0,30.0,,,1991.0,0.0,-2
-2,49700,SQUID_INK,1991,33,,,,,1994,27,,,,,1992.5,0.0,-2
-2,49800,SQUID_INK,1991,26,,,,,1994,26,,,,,1992.5,0.0,-2
-2,49900,SQUID_INK,1991,21,,,,,1993,1,1995.0,22.0,,,1992.0,0.0,-2
-2,50000,SQUID_INK,1991,33,,,,,1994,28,,,,,1992.5,0.0,-2
-2,50100,SQUID_INK,1992,30,,,,,1995,30,,,,,1993.5,0.0,-2
-2,50200,SQUID_INK,1991,31,,,,,1994,31,,,,,1992.5,0.0,-2
-2,50300,SQUID_INK,1992,1,1990.0,21.0,,,1994,21,,,,,1993.0,0.0,-2
-2,50400,SQUID_INK,1990,28,,,,,1993,23,,,,,1991.5,0.0,-2
-2,50500,SQUID_INK,1990,2,1989.0,26.0,,,1993,28,,,,,1991.5,0.0,-2
-2,50600,SQUID_INK,1986,22,,,,,1990,22,,,,,1988.0,0.0,-2
-2,50700,SQUID_INK,1984,27,,,,,1987,27,,,,,1985.5,0.0,-2
-2,50800,SQUID_INK,1982,30,,,,,1985,30,,,,,1983.5,0.0,-2
-2,50900,SQUID_INK,1983,23,,,,,1986,26,,,,,1984.5,0.0,-2
-2,51000,SQUID_INK,1983,34,,,,,1986,27,,,,,1984.5,0.0,-2
-2,51100,SQUID_INK,1985,31,,,,,1987,6,1988.0,31.0,,,1986.0,0.0,-2
-2,51200,SQUID_INK,1983,29,,,,,1986,29,,,,,1984.5,0.0,-2
-2,51300,SQUID_INK,1986,1,1983.0,26.0,,,1987,26,,,,,1986.5,0.0,-2
-2,51400,SQUID_INK,1980,22,,,,,1982,8,1984.0,22.0,,,1981.0,0.0,-2
-2,51500,SQUID_INK,1984,31,,,,,1987,31,,,,,1985.5,0.0,-2
-2,51600,SQUID_INK,1983,32,,,,,1985,3,1986.0,32.0,,,1984.0,0.0,-2
-2,51700,SQUID_INK,1984,22,,,,,1987,21,,,,,1985.5,0.0,-2
-2,51800,SQUID_INK,1985,22,,,,,1987,8,1988.0,22.0,,,1986.0,0.0,-2
-2,51900,SQUID_INK,1986,1,1985.0,23.0,,,1989,24,,,,,1987.5,0.0,-2
-2,52000,SQUID_INK,1988,23,,,,,1991,23,,,,,1989.5,0.0,-2
-2,52100,SQUID_INK,1988,2,1986.0,24.0,,,1989,24,,,,,1988.5,0.0,-2
-2,52200,SQUID_INK,1987,1,1986.0,24.0,,,1990,26,,,,,1988.5,0.0,-2
-2,52300,SQUID_INK,1989,3,1988.0,29.0,,,1991,29,,,,,1990.0,0.0,-2
-2,52400,SQUID_INK,1989,3,1988.0,21.0,,,1992,21,,,,,1990.5,0.0,-2
-2,52500,SQUID_INK,1989,31,,,,,1992,31,,,,,1990.5,0.0,-2
-2,52600,SQUID_INK,1989,25,,,,,1991,7,1992.0,25.0,,,1990.0,0.0,-2
-2,52700,SQUID_INK,1988,21,,,,,1991,1,1992.0,20.0,,,1989.5,0.0,-2
-2,52800,SQUID_INK,1987,22,,,,,1990,22,,,,,1988.5,0.0,-2
-2,52900,SQUID_INK,1986,25,,,,,1988,3,1990.0,25.0,,,1987.0,0.0,-2
-2,53000,SQUID_INK,1987,22,,,,,1990,22,,,,,1988.5,0.0,-2
-2,53100,SQUID_INK,1985,23,,,,,1988,23,,,,,1986.5,0.0,-2
-2,53200,SQUID_INK,1985,28,,,,,1988,28,,,,,1986.5,0.0,-2
-2,53300,SQUID_INK,1986,25,,,,,1988,6,1989.0,25.0,,,1987.0,0.0,-2
-2,53400,SQUID_INK,1985,28,,,,,1987,6,1989.0,28.0,,,1986.0,0.0,-2
-2,53500,SQUID_INK,1988,1,1986.0,8.0,1985.0,21.0,1989,21,,,,,1988.5,0.0,-2
-2,53600,SQUID_INK,1986,2,1985.0,25.0,,,1989,27,,,,,1987.5,0.0,-2
-2,53700,SQUID_INK,1985,23,,,,,1988,23,,,,,1986.5,0.0,-2
-2,53800,SQUID_INK,1985,25,,,,,1986,6,1987.0,3.0,1988.0,25.0,1985.5,0.0,-2
-2,53900,SQUID_INK,1985,31,,,,,1988,1,1989.0,30.0,,,1986.5,0.0,-2
-2,54000,SQUID_INK,1987,1,1986.0,30.0,,,1988,3,1990.0,31.0,,,1987.5,0.0,-2
-2,54100,SQUID_INK,1985,27,,,,,1989,27,,,,,1987.0,0.0,-2
-2,54200,SQUID_INK,1986,30,,,,,1990,30,,,,,1988.0,0.0,-2
-2,54300,SQUID_INK,1986,24,,,,,1989,24,,,,,1987.5,0.0,-2
-2,54400,SQUID_INK,1986,30,,,,,1988,4,1989.0,30.0,,,1987.0,0.0,-2
-2,54500,SQUID_INK,1986,24,,,,,1990,24,,,,,1988.0,0.0,-2
-2,54600,SQUID_INK,1987,24,,,,,1990,1,1991.0,24.0,,,1988.5,0.0,-2
-2,54700,SQUID_INK,1990,1,1988.0,25.0,,,1991,25,,,,,1990.5,0.0,-2
-2,54800,SQUID_INK,1987,31,,,,,1990,31,,,,,1988.5,0.0,-2
-2,54900,SQUID_INK,1989,31,,,,,1992,25,,,,,1990.5,0.0,-2
-2,55000,SQUID_INK,1990,24,,,,,1991,5,1993.0,24.0,,,1990.5,0.0,-2
-2,55100,SQUID_INK,1989,28,,,,,1992,21,,,,,1990.5,0.0,-2
-2,55200,SQUID_INK,1988,21,,,,,1992,21,,,,,1990.0,0.0,-2
-2,55300,SQUID_INK,1989,29,,,,,1992,29,,,,,1990.5,0.0,-2
-2,55400,SQUID_INK,1990,36,,,,,1993,28,,,,,1991.5,0.0,-2
-2,55500,SQUID_INK,1991,2,1990.0,29.0,,,1994,31,,,,,1992.5,0.0,-2
-2,55600,SQUID_INK,1991,28,,,,,1994,29,,,,,1992.5,0.0,-2
-2,55700,SQUID_INK,1991,21,,,,,1994,21,,,,,1992.5,0.0,-2
-2,55800,SQUID_INK,1991,22,,,,,1994,22,,,,,1992.5,0.0,-2
-2,55900,SQUID_INK,1991,27,,,,,1994,27,,,,,1992.5,0.0,-2
-2,56000,SQUID_INK,1991,29,,,,,1994,29,,,,,1992.5,0.0,-2
-2,56100,SQUID_INK,1990,23,,,,,1994,23,,,,,1992.0,0.0,-2
-2,56200,SQUID_INK,1990,23,,,,,1992,7,1994.0,23.0,,,1991.0,0.0,-2
-2,56300,SQUID_INK,1991,30,,,,,1994,31,,,,,1992.5,0.0,-2
-2,56400,SQUID_INK,1991,2,1990.0,25.0,,,1994,25,,,,,1992.5,0.0,-2
-2,56500,SQUID_INK,1991,23,,,,,1994,22,,,,,1992.5,0.0,-2
-2,56600,SQUID_INK,1990,28,,,,,1992,3,1993.0,28.0,,,1991.0,0.0,-2
-2,56700,SQUID_INK,1991,22,,,,,1994,22,,,,,1992.5,0.0,-2
-2,56800,SQUID_INK,1989,25,,,,,1991,2,1992.0,2.0,1993.0,23.0,1990.0,0.0,-2
-2,56900,SQUID_INK,1989,21,,,,,1992,1,1993.0,20.0,,,1990.5,0.0,-2
-2,57000,SQUID_INK,1990,32,,,,,1993,32,,,,,1991.5,0.0,-2
-2,57100,SQUID_INK,1990,21,,,,,1993,24,,,,,1991.5,0.0,-2
-2,57200,SQUID_INK,1990,24,,,,,1991,4,1993.0,24.0,,,1990.5,0.0,-2
-2,57300,SQUID_INK,1990,21,,,,,1992,6,1994.0,21.0,,,1991.0,0.0,-2
-2,57400,SQUID_INK,1993,1,1991.0,25.0,,,1994,25,,,,,1993.5,0.0,-2
-2,57500,SQUID_INK,1991,25,,,,,1994,25,,,,,1992.5,0.0,-2
-2,57600,SQUID_INK,1992,32,,,,,1994,3,1995.0,32.0,,,1993.0,0.0,-2
-2,57700,SQUID_INK,1992,26,,,,,1995,26,,,,,1993.5,0.0,-2
-2,57800,SQUID_INK,1991,28,,,,,1995,29,,,,,1993.0,0.0,-2
-2,57900,SQUID_INK,1992,30,,,,,1995,30,,,,,1993.5,0.0,-2
-2,58000,SQUID_INK,1994,1,1993.0,3.0,1992.0,1.0,1995,23,,,,,1994.5,0.0,-2
-2,58100,SQUID_INK,1991,28,,,,,1993,6,1994.0,28.0,,,1992.0,0.0,-2
-2,58200,SQUID_INK,1991,26,,,,,1993,8,1994.0,26.0,,,1992.0,0.0,-2
-2,58300,SQUID_INK,1991,22,,,,,1995,22,,,,,1993.0,0.0,-2
-2,58400,SQUID_INK,1991,29,,,,,1995,29,,,,,1993.0,0.0,-2
-2,58500,SQUID_INK,1993,1,1992.0,23.0,,,1995,2,1996.0,21.0,,,1994.0,0.0,-2
-2,58600,SQUID_INK,1992,29,,,,,1995,29,,,,,1993.5,0.0,-2
-2,58700,SQUID_INK,1993,30,,,,,1996,30,,,,,1994.5,0.0,-2
-2,58800,SQUID_INK,1993,21,,,,,1996,22,,,,,1994.5,0.0,-2
-2,58900,SQUID_INK,1993,5,1992.0,25.0,,,1996,26,,,,,1994.5,0.0,-2
-2,59000,SQUID_INK,1993,22,,,,,1996,22,,,,,1994.5,0.0,-2
-2,59100,SQUID_INK,1993,28,,,,,1995,6,1996.0,28.0,,,1994.0,0.0,-2
-2,59200,SQUID_INK,1992,24,,,,,1996,24,,,,,1994.0,0.0,-2
-2,59300,SQUID_INK,1992,24,,,,,1995,24,,,,,1993.5,0.0,-2
-2,59400,SQUID_INK,1991,31,,,,,1994,29,,,,,1992.5,0.0,-2
-2,59500,SQUID_INK,1991,26,,,,,1994,26,,,,,1992.5,0.0,-2
-2,59600,SQUID_INK,1991,28,,,,,1994,28,,,,,1992.5,0.0,-2
-2,59700,SQUID_INK,1990,21,,,,,1993,1,1994.0,20.0,,,1991.5,0.0,-2
-2,59800,SQUID_INK,1991,3,1990.0,24.0,,,1993,2,1994.0,22.0,,,1992.0,0.0,-2
-2,59900,SQUID_INK,1990,23,,,,,1991,1,1994.0,23.0,,,1990.5,0.0,-2
-2,60000,SQUID_INK,1992,1,1990.0,26.0,,,1993,26,,,,,1992.5,0.0,-2
-2,60100,SQUID_INK,1990,10,1988.0,24.0,,,1991,24,,,,,1990.5,0.0,-2
-2,60200,SQUID_INK,1986,24,,,,,1988,3,1990.0,24.0,,,1987.0,0.0,-2
-2,60300,SQUID_INK,1988,28,,,,,1991,28,,,,,1989.5,0.0,-2
-2,60400,SQUID_INK,1989,22,,,,,1992,22,,,,,1990.5,0.0,-2
-2,60500,SQUID_INK,1987,30,,,,,1988,3,1989.0,2.0,1991.0,30.0,1987.5,0.0,-2
-2,60600,SQUID_INK,1987,26,,,,,1989,2,1991.0,27.0,,,1988.0,0.0,-2
-2,60700,SQUID_INK,1987,9,1986.0,26.0,,,1990,27,,,,,1988.5,0.0,-2
-2,60800,SQUID_INK,1987,21,,,,,1990,21,,,,,1988.5,0.0,-2
-2,60900,SQUID_INK,1987,22,,,,,1990,22,,,,,1988.5,0.0,-2
-2,61000,SQUID_INK,1987,22,,,,,1990,22,,,,,1988.5,0.0,-2
-2,61100,SQUID_INK,1989,5,1987.0,29.0,,,1991,29,,,,,1990.0,0.0,-2
-2,61200,SQUID_INK,1987,1,1986.0,29.0,,,1990,30,,,,,1988.5,0.0,-2
-2,61300,SQUID_INK,1987,27,,,,,1989,7,1990.0,27.0,,,1988.0,0.0,-2
-2,61400,SQUID_INK,1988,29,,,,,1990,5,1991.0,29.0,,,1989.0,0.0,-2
-2,61500,SQUID_INK,1988,21,,,,,1992,21,,,,,1990.0,0.0,-2
-2,61600,SQUID_INK,1989,27,,,,,1992,27,,,,,1990.5,0.0,-2
-2,61700,SQUID_INK,1990,30,,,,,1994,30,,,,,1992.0,0.0,-2
-2,61800,SQUID_INK,1992,5,1990.0,26.0,,,1993,1,1994.0,25.0,,,1992.5,0.0,-2
-2,61900,SQUID_INK,1991,22,,,,,1994,22,,,,,1992.5,0.0,-2
-2,62000,SQUID_INK,1993,21,,,,,1996,21,,,,,1994.5,0.0,-2
-2,62100,SQUID_INK,1993,22,,,,,1997,22,,,,,1995.0,0.0,-2
-2,62200,SQUID_INK,1994,29,,,,,1998,29,,,,,1996.0,0.0,-2
-2,62300,SQUID_INK,1998,25,,,,,2000,8,2002.0,25.0,,,1999.0,0.0,-2
-2,62400,SQUID_INK,1999,26,,,,,2002,26,,,,,2000.5,0.0,-2
-2,62500,SQUID_INK,2002,2,2001.0,26.0,,,2005,28,,,,,2003.5,0.0,-2
-2,62600,SQUID_INK,2002,28,,,,,2005,29,,,,,2003.5,0.0,-2
-2,62700,SQUID_INK,2003,25,,,,,2006,25,,,,,2004.5,0.0,-2
-2,62800,SQUID_INK,2004,23,,,,,2007,1,2008.0,22.0,,,2005.5,0.0,-2
-2,62900,SQUID_INK,2003,29,,,,,2005,6,2006.0,29.0,,,2004.0,0.0,-2
-2,63000,SQUID_INK,2001,22,,,,,2002,9,2003.0,9.0,2005.0,23.0,2001.5,0.0,-2
-2,63100,SQUID_INK,2000,24,,,,,2004,24,,,,,2002.0,0.0,-2
-2,63200,SQUID_INK,2001,34,,,,,2004,28,,,,,2002.5,0.0,-2
-2,63300,SQUID_INK,2002,23,,,,,2005,23,,,,,2003.5,0.0,-2
-2,63400,SQUID_INK,2003,22,,,,,2006,22,,,,,2004.5,0.0,-2
-2,63500,SQUID_INK,2002,22,,,,,2005,22,,,,,2003.5,0.0,-2
-2,63600,SQUID_INK,2003,22,,,,,2006,22,,,,,2004.5,0.0,-2
-2,63700,SQUID_INK,2003,31,,,,,2006,1,2007.0,30.0,,,2004.5,0.0,-2
-2,63800,SQUID_INK,2003,21,,,,,2006,21,,,,,2004.5,0.0,-2
-2,63900,SQUID_INK,2004,27,,,,,2007,27,,,,,2005.5,0.0,-2
-2,64000,SQUID_INK,2002,29,,,,,2006,29,,,,,2004.0,0.0,-2
-2,64100,SQUID_INK,2000,32,,,,,2002,6,2003.0,32.0,,,2001.0,0.0,-2
-2,64200,SQUID_INK,2000,22,,,,,2003,22,,,,,2001.5,0.0,-2
-2,64300,SQUID_INK,2000,29,,,,,2003,29,,,,,2001.5,0.0,-2
-2,64400,SQUID_INK,2000,24,,,,,2003,24,,,,,2001.5,0.0,-2
-2,64500,SQUID_INK,2001,1,2000.0,26.0,,,2004,26,,,,,2002.5,0.0,-2
-2,64600,SQUID_INK,2001,25,,,,,2005,25,,,,,2003.0,0.0,-2
-2,64700,SQUID_INK,2003,6,2002.0,29.0,,,2005,1,2006.0,28.0,,,2004.0,0.0,-2
-2,64800,SQUID_INK,2002,2,2001.0,25.0,,,2005,27,,,,,2003.5,0.0,-2
-2,64900,SQUID_INK,2001,29,,,,,2003,7,2004.0,29.0,,,2002.0,0.0,-2
-2,65000,SQUID_INK,2001,22,,,,,2003,2,2004.0,22.0,,,2002.0,0.0,-2
-2,65100,SQUID_INK,2001,26,,,,,2004,26,,,,,2002.5,0.0,-2
-2,65200,SQUID_INK,2001,31,,,,,2004,31,,,,,2002.5,0.0,-2
-2,65300,SQUID_INK,2002,5,2001.0,1.0,2000.0,23.0,2004,23,,,,,2003.0,0.0,-2
-2,65400,SQUID_INK,2001,20,,,,,2004,20,,,,,2002.5,0.0,-2
-2,65500,SQUID_INK,2001,22,,,,,2005,22,,,,,2003.0,0.0,-2
-2,65600,SQUID_INK,2003,3,2002.0,30.0,,,2006,30,,,,,2004.5,0.0,-2
-2,65700,SQUID_INK,2003,26,,,,,2005,4,2006.0,26.0,,,2004.0,0.0,-2
-2,65800,SQUID_INK,2003,32,,,,,2006,30,,,,,2004.5,0.0,-2
-2,65900,SQUID_INK,2002,25,,,,,2005,25,,,,,2003.5,0.0,-2
-2,66000,SQUID_INK,2002,1,2001.0,27.0,,,2005,28,,,,,2003.5,0.0,-2
-2,66100,SQUID_INK,2002,1,2001.0,24.0,,,2005,25,,,,,2003.5,0.0,-2
-2,66200,SQUID_INK,2003,16,,,,,2006,24,,,,,2004.5,0.0,-2
-2,66300,SQUID_INK,2004,29,,,,,2007,27,,,,,2005.5,0.0,-2
-2,66400,SQUID_INK,2003,25,,,,,2006,25,,,,,2004.5,0.0,-2
-2,66500,SQUID_INK,2003,24,,,,,2006,24,,,,,2004.5,0.0,-2
-2,66600,SQUID_INK,2002,37,,,,,2005,31,,,,,2003.5,0.0,-2
-2,66700,SQUID_INK,2002,21,,,,,2006,21,,,,,2004.0,0.0,-2
-2,66800,SQUID_INK,2003,29,,,,,2007,29,,,,,2005.0,0.0,-2
-2,66900,SQUID_INK,2004,30,,,,,2005,4,2006.0,1.0,2007.0,30.0,2004.5,0.0,-2
-2,67000,SQUID_INK,2005,6,2004.0,22.0,,,2008,22,,,,,2006.5,0.0,-2
-2,67100,SQUID_INK,2005,37,,,,,2008,29,,,,,2006.5,0.0,-2
-2,67200,SQUID_INK,2007,1,2005.0,1.0,2004.0,23.0,2008,24,,,,,2007.5,0.0,-2
-2,67300,SQUID_INK,2005,26,,,,,2009,26,,,,,2007.0,0.0,-2
-2,67400,SQUID_INK,2005,27,,,,,2008,27,,,,,2006.5,0.0,-2
-2,67500,SQUID_INK,2006,8,2005.0,29.0,,,2008,2,2009.0,27.0,,,2007.0,0.0,-2
-2,67600,SQUID_INK,2005,2,2004.0,30.0,,,2008,32,,,,,2006.5,0.0,-2
-2,67700,SQUID_INK,2007,4,2005.0,29.0,,,2009,29,,,,,2008.0,0.0,-2
-2,67800,SQUID_INK,2005,23,,,,,2007,3,2008.0,23.0,,,2006.0,0.0,-2
-2,67900,SQUID_INK,2005,34,,,,,2008,32,,,,,2006.5,0.0,-2
-2,68000,SQUID_INK,2004,24,,,,,2006,2,2007.0,25.0,,,2005.0,0.0,-2
-2,68100,SQUID_INK,2002,29,,,,,2005,29,,,,,2003.5,0.0,-2
-2,68200,SQUID_INK,2005,1,2003.0,20.0,,,2006,20,,,,,2005.5,0.0,-2
-2,68300,SQUID_INK,2003,20,,,,,2006,21,,,,,2004.5,0.0,-2
-2,68400,SQUID_INK,2001,2,2000.0,25.0,,,2004,27,,,,,2002.5,0.0,-2
-2,68500,SQUID_INK,2001,25,,,,,2005,25,,,,,2003.0,0.0,-2
-2,68600,SQUID_INK,2003,23,,,,,2006,27,,,,,2004.5,0.0,-2
-2,68700,SQUID_INK,2002,31,,,,,2005,25,,,,,2003.5,0.0,-2
-2,68800,SQUID_INK,2001,28,,,,,2003,6,2004.0,28.0,,,2002.0,0.0,-2
-2,68900,SQUID_INK,2005,1,2003.0,25.0,,,2006,25,,,,,2005.5,0.0,-2
-2,69000,SQUID_INK,2002,23,,,,,2005,2,2006.0,21.0,,,2003.5,0.0,-2
-2,69100,SQUID_INK,2002,25,,,,,2005,25,,,,,2003.5,0.0,-2
-2,69200,SQUID_INK,2004,2,2003.0,24.0,,,2005,6,2007.0,26.0,,,2004.5,0.0,-2
-2,69300,SQUID_INK,2006,8,2004.0,30.0,,,2007,28,,,,,2006.5,0.0,-2
-2,69400,SQUID_INK,2006,1,2004.0,22.0,,,2007,22,,,,,2006.5,0.0,-2
-2,69500,SQUID_INK,2004,20,,,,,2008,20,,,,,2006.0,0.0,-2
-2,69600,SQUID_INK,2005,2,2004.0,21.0,,,2008,22,,,,,2006.5,0.0,-2
-2,69700,SQUID_INK,2004,21,,,,,2007,21,,,,,2005.5,0.0,-2
-2,69800,SQUID_INK,2006,1,2004.0,27.0,,,2007,27,,,,,2006.5,0.0,-2
-2,69900,SQUID_INK,2003,29,,,,,2006,29,,,,,2004.5,0.0,-2
-2,70000,SQUID_INK,2003,28,,,,,2006,28,,,,,2004.5,0.0,-2
-2,70100,SQUID_INK,2002,24,,,,,2006,24,,,,,2004.0,0.0,-2
-2,70200,SQUID_INK,2005,3,2003.0,31.0,,,2006,31,,,,,2005.5,0.0,-2
-2,70300,SQUID_INK,2003,29,,,,,2006,29,,,,,2004.5,0.0,-2
-2,70400,SQUID_INK,2003,17,,,,,2006,26,,,,,2004.5,0.0,-2
-2,70500,SQUID_INK,2003,29,,,,,2006,25,,,,,2004.5,0.0,-2
-2,70600,SQUID_INK,2004,30,,,,,2007,30,,,,,2005.5,0.0,-2
-2,70700,SQUID_INK,2004,22,,,,,2007,22,,,,,2005.5,0.0,-2
-2,70800,SQUID_INK,2005,28,,,,,2008,28,,,,,2006.5,0.0,-2
-2,70900,SQUID_INK,2005,26,,,,,2008,26,,,,,2006.5,0.0,-2
-2,71000,SQUID_INK,2005,31,,,,,2008,31,,,,,2006.5,0.0,-2
-2,71100,SQUID_INK,2005,25,,,,,2008,25,,,,,2006.5,0.0,-2
-2,71200,SQUID_INK,2005,5,2004.0,28.0,,,2007,2,2008.0,26.0,,,2006.0,0.0,-2
-2,71300,SQUID_INK,2005,32,,,,,2008,29,,,,,2006.5,0.0,-2
-2,71400,SQUID_INK,2006,28,,,,,2009,29,,,,,2007.5,0.0,-2
-2,71500,SQUID_INK,2003,32,,,,,2006,30,,,,,2004.5,0.0,-2
-2,71600,SQUID_INK,2003,20,,,,,2007,20,,,,,2005.0,0.0,-2
-2,71700,SQUID_INK,2004,20,,,,,2008,20,,,,,2006.0,0.0,-2
-2,71800,SQUID_INK,2007,1,2005.0,25.0,,,2008,25,,,,,2007.5,0.0,-2
-2,71900,SQUID_INK,2004,30,,,,,2005,2,2008.0,30.0,,,2004.5,0.0,-2
-2,72000,SQUID_INK,2004,26,,,,,2008,26,,,,,2006.0,0.0,-2
-2,72100,SQUID_INK,2005,9,2003.0,24.0,,,2006,24,,,,,2005.5,0.0,-2
-2,72200,SQUID_INK,2003,24,,,,,2006,24,,,,,2004.5,0.0,-2
-2,72300,SQUID_INK,2003,30,,,,,2006,30,,,,,2004.5,0.0,-2
-2,72400,SQUID_INK,2003,23,,,,,2006,23,,,,,2004.5,0.0,-2
-2,72500,SQUID_INK,2003,24,,,,,2005,7,2006.0,24.0,,,2004.0,0.0,-2
-2,72600,SQUID_INK,2004,22,,,,,2006,4,2007.0,1.0,2008.0,21.0,2005.0,0.0,-2
-2,72700,SQUID_INK,2003,23,,,,,2007,23,,,,,2005.0,0.0,-2
-2,72800,SQUID_INK,2004,26,,,,,2007,26,,,,,2005.5,0.0,-2
-2,72900,SQUID_INK,2004,25,,,,,2006,3,2007.0,25.0,,,2005.0,0.0,-2
-2,73000,SQUID_INK,2003,24,,,,,2007,24,,,,,2005.0,0.0,-2
-2,73100,SQUID_INK,2005,26,,,,,2008,26,,,,,2006.5,0.0,-2
-2,73200,SQUID_INK,2005,2,2004.0,28.0,,,2008,30,,,,,2006.5,0.0,-2
-2,73300,SQUID_INK,2004,6,2003.0,30.0,,,2007,32,,,,,2005.5,0.0,-2
-2,73400,SQUID_INK,2003,31,,,,,2006,31,,,,,2004.5,0.0,-2
-2,73500,SQUID_INK,2002,20,,,,,2006,20,,,,,2004.0,0.0,-2
-2,73600,SQUID_INK,2003,26,,,,,2007,26,,,,,2005.0,0.0,-2
-2,73700,SQUID_INK,2002,30,,,,,2006,30,,,,,2004.0,0.0,-2
-2,73800,SQUID_INK,2004,3,2003.0,31.0,,,2006,30,,,,,2005.0,0.0,-2
-2,73900,SQUID_INK,2003,26,,,,,2005,8,2006.0,27.0,,,2004.0,0.0,-2
-2,74000,SQUID_INK,2003,29,,,,,2006,29,,,,,2004.5,0.0,-2
-2,74100,SQUID_INK,2002,31,,,,,2005,31,,,,,2003.5,0.0,-2
-2,74200,SQUID_INK,2004,1,2002.0,31.0,,,2005,28,,,,,2004.5,0.0,-2
-2,74300,SQUID_INK,2002,25,,,,,2006,25,,,,,2004.0,0.0,-2
-2,74400,SQUID_INK,2003,6,2002.0,21.0,,,2005,21,,,,,2004.0,0.0,-2
-2,74500,SQUID_INK,2002,23,,,,,2004,1,2005.0,23.0,,,2003.0,0.0,-2
-2,74600,SQUID_INK,2002,31,,,,,2005,31,,,,,2003.5,0.0,-2
-2,74700,SQUID_INK,2002,26,,,,,2006,26,,,,,2004.0,0.0,-2
-2,74800,SQUID_INK,2002,30,,,,,2005,26,,,,,2003.5,0.0,-2
-2,74900,SQUID_INK,2002,24,,,,,2006,24,,,,,2004.0,0.0,-2
-2,75000,SQUID_INK,2001,30,,,,,2005,30,,,,,2003.0,0.0,-2
-2,75100,SQUID_INK,2001,30,,,,,2004,25,,,,,2002.5,0.0,-2
-2,75200,SQUID_INK,2002,2,2001.0,20.0,,,2005,22,,,,,2003.5,0.0,-2
-2,75300,SQUID_INK,2001,33,,,,,2004,27,,,,,2002.5,0.0,-2
-2,75400,SQUID_INK,2001,2,2000.0,30.0,,,2004,30,,,,,2002.5,0.0,-2
-2,75500,SQUID_INK,1999,29,,,,,2002,30,,,,,2000.5,0.0,-2
-2,75600,SQUID_INK,2001,1,2000.0,6.0,1999.0,23.0,2002,22,,,,,2001.5,0.0,-2
-2,75700,SQUID_INK,1998,22,,,,,2001,1,2002.0,21.0,,,1999.5,0.0,-2
-2,75800,SQUID_INK,1998,22,,,,,2001,1,2002.0,21.0,,,1999.5,0.0,-2
-2,75900,SQUID_INK,1999,2,1998.0,30.0,,,2000,4,2002.0,32.0,,,1999.5,0.0,-2
-2,76000,SQUID_INK,1999,7,1998.0,21.0,,,2002,22,,,,,2000.5,0.0,-2
-2,76100,SQUID_INK,1998,28,,,,,2001,2,2002.0,26.0,,,1999.5,0.0,-2
-2,76200,SQUID_INK,1998,26,,,,,2000,1,2001.0,26.0,,,1999.0,0.0,-2
-2,76300,SQUID_INK,1997,27,,,,,1999,2,2001.0,27.0,,,1998.0,0.0,-2
-2,76400,SQUID_INK,1998,27,,,,,1999,3,2001.0,2.0,2002.0,26.0,1998.5,0.0,-2
-2,76500,SQUID_INK,1998,31,,,,,2002,31,,,,,2000.0,0.0,-2
-2,76600,SQUID_INK,1998,31,,,,,2000,8,2002.0,31.0,,,1999.0,0.0,-2
-2,76700,SQUID_INK,1999,22,,,,,2001,8,2002.0,22.0,,,2000.0,0.0,-2
-2,76800,SQUID_INK,2000,26,,,,,2003,26,,,,,2001.5,0.0,-2
-2,76900,SQUID_INK,1999,31,,,,,2002,31,,,,,2000.5,0.0,-2
-2,77000,SQUID_INK,1998,25,,,,,2001,25,,,,,1999.5,0.0,-2
-2,77100,SQUID_INK,1999,8,1998.0,27.0,,,2002,27,,,,,2000.5,0.0,-2
-2,77200,SQUID_INK,1998,28,,,,,2000,2,2001.0,28.0,,,1999.0,0.0,-2
-2,77300,SQUID_INK,1998,30,,,,,2000,6,2002.0,30.0,,,1999.0,0.0,-2
-2,77400,SQUID_INK,1999,28,,,,,2000,6,2002.0,28.0,,,1999.5,0.0,-2
-2,77500,SQUID_INK,1999,20,,,,,2003,20,,,,,2001.0,0.0,-2
-2,77600,SQUID_INK,2000,2,1999.0,26.0,,,2002,1,2003.0,25.0,,,2001.0,0.0,-2
-2,77700,SQUID_INK,1998,26,,,,,2001,26,,,,,1999.5,0.0,-2
-2,77800,SQUID_INK,1999,22,,,,,2002,26,,,,,2000.5,0.0,-2
-2,77900,SQUID_INK,1999,30,,,,,2002,30,,,,,2000.5,0.0,-2
-2,78000,SQUID_INK,1999,1,1998.0,27.0,,,2002,28,,,,,2000.5,0.0,-2
-2,78100,SQUID_INK,2000,1,1998.0,32.0,,,2001,2,2002.0,30.0,,,2000.5,0.0,-2
-2,78200,SQUID_INK,1997,20,,,,,2000,20,,,,,1998.5,0.0,-2
-2,78300,SQUID_INK,1997,6,1996.0,22.0,,,2000,22,,,,,1998.5,0.0,-2
-2,78400,SQUID_INK,1997,28,,,,,2000,2,2001.0,26.0,,,1998.5,0.0,-2
-2,78500,SQUID_INK,1999,32,,,,,2002,32,,,,,2000.5,0.0,-2
-2,78600,SQUID_INK,1999,29,,,,,2002,30,,,,,2000.5,0.0,-2
-2,78700,SQUID_INK,1999,29,,,,,2002,29,,,,,2000.5,0.0,-2
-2,78800,SQUID_INK,1999,23,,,,,2002,24,,,,,2000.5,0.0,-2
-2,78900,SQUID_INK,1999,32,,,,,2002,30,,,,,2000.5,0.0,-2
-2,79000,SQUID_INK,2000,8,1999.0,22.0,,,2003,22,,,,,2001.5,0.0,-2
-2,79100,SQUID_INK,2001,5,2000.0,27.0,,,2003,27,,,,,2002.0,0.0,-2
-2,79200,SQUID_INK,2000,30,,,,,2002,8,2003.0,1.0,2004.0,29.0,2001.0,0.0,-2
-2,79300,SQUID_INK,2000,29,,,,,2003,29,,,,,2001.5,0.0,-2
-2,79400,SQUID_INK,2000,20,,,,,2004,20,,,,,2002.0,0.0,-2
-2,79500,SQUID_INK,2001,2,2000.0,26.0,,,2004,28,,,,,2002.5,0.0,-2
-2,79600,SQUID_INK,2001,27,,,,,2004,27,,,,,2002.5,0.0,-2
-2,79700,SQUID_INK,2001,32,,,,,2004,32,,,,,2002.5,0.0,-2
-2,79800,SQUID_INK,2000,22,,,,,2001,4,2004.0,22.0,,,2000.5,0.0,-2
-2,79900,SQUID_INK,1998,24,,,,,2001,23,,,,,1999.5,0.0,-2
-2,80000,SQUID_INK,1993,30,,,,,1997,30,,,,,1995.0,0.0,-2
-2,80100,SQUID_INK,1995,1,1993.0,31.0,,,1996,31,,,,,1995.5,0.0,-2
-2,80200,SQUID_INK,1992,27,,,,,1995,27,,,,,1993.5,0.0,-2
-2,80300,SQUID_INK,1993,34,,,,,1996,30,,,,,1994.5,0.0,-2
-2,80400,SQUID_INK,1994,23,,,,,1995,4,1997.0,23.0,,,1994.5,0.0,-2
-2,80500,SQUID_INK,1993,22,,,,,1995,3,1996.0,23.0,,,1994.0,0.0,-2
-2,80600,SQUID_INK,1993,27,,,,,1997,27,,,,,1995.0,0.0,-2
-2,80700,SQUID_INK,1995,2,1994.0,29.0,,,1998,29,,,,,1996.5,0.0,-2
-2,80800,SQUID_INK,1995,6,1994.0,25.0,,,1998,25,,,,,1996.5,0.0,-2
-2,80900,SQUID_INK,1994,29,,,,,1996,1,1997.0,30.0,,,1995.0,0.0,-2
-2,81000,SQUID_INK,1994,32,,,,,1997,32,,,,,1995.5,0.0,-2
-2,81100,SQUID_INK,1994,29,,,,,1997,29,,,,,1995.5,0.0,-2
-2,81200,SQUID_INK,1995,1,1994.0,26.0,,,1998,27,,,,,1996.5,0.0,-2
-2,81300,SQUID_INK,1996,1,1994.0,22.0,,,1997,22,,,,,1996.5,0.0,-2
-2,81400,SQUID_INK,1994,23,,,,,1997,23,,,,,1995.5,0.0,-2
-2,81500,SQUID_INK,1993,28,,,,,1997,28,,,,,1995.0,0.0,-2
-2,81600,SQUID_INK,1994,20,,,,,1996,5,1998.0,20.0,,,1995.0,0.0,-2
-2,81700,SQUID_INK,1995,3,1994.0,27.0,,,1997,2,1998.0,25.0,,,1996.0,0.0,-2
-2,81800,SQUID_INK,1993,28,,,,,1995,8,1996.0,29.0,,,1994.0,0.0,-2
-2,81900,SQUID_INK,1994,34,,,,,1995,4,1997.0,27.0,,,1994.5,0.0,-2
-2,82000,SQUID_INK,1995,32,,,,,1997,4,1998.0,32.0,,,1996.0,0.0,-2
-2,82100,SQUID_INK,1993,21,,,,,1996,22,,,,,1994.5,0.0,-2
-2,82200,SQUID_INK,1993,1,1991.0,2.0,1990.0,28.0,1994,30,,,,,1993.5,0.0,-2
-2,82300,SQUID_INK,1993,27,,,,,1996,27,,,,,1994.5,0.0,-2
-2,82400,SQUID_INK,1992,26,,,,,1993,4,1995.0,26.0,,,1992.5,0.0,-2
-2,82500,SQUID_INK,1992,26,,,,,1996,26,,,,,1994.0,0.0,-2
-2,82600,SQUID_INK,1993,22,,,,,1995,8,1997.0,23.0,,,1994.0,0.0,-2
-2,82700,SQUID_INK,1993,31,,,,,1996,31,,,,,1994.5,0.0,-2
-2,82800,SQUID_INK,1992,22,,,,,1995,22,,,,,1993.5,0.0,-2
-2,82900,SQUID_INK,1991,1,1990.0,22.0,,,1994,23,,,,,1992.5,0.0,-2
-2,83000,SQUID_INK,1990,34,,,,,1993,31,,,,,1991.5,0.0,-2
-2,83100,SQUID_INK,1992,7,1991.0,21.0,,,1995,21,,,,,1993.5,0.0,-2
-2,83200,SQUID_INK,1993,28,,,,,1996,28,,,,,1994.5,0.0,-2
-2,83300,SQUID_INK,1992,22,,,,,1995,22,,,,,1993.5,0.0,-2
-2,83400,SQUID_INK,1994,3,1992.0,30.0,,,1995,30,,,,,1994.5,0.0,-2
-2,83500,SQUID_INK,1992,29,,,,,1995,29,,,,,1993.5,0.0,-2
-2,83600,SQUID_INK,1993,25,,,,,1996,25,,,,,1994.5,0.0,-2
-2,83700,SQUID_INK,1995,27,,,,,1998,27,,,,,1996.5,0.0,-2
-2,83800,SQUID_INK,1995,32,,,,,1998,32,,,,,1996.5,0.0,-2
-2,83900,SQUID_INK,1997,1,1995.0,6.0,1994.0,26.0,1998,27,,,,,1997.5,0.0,-2
-2,84000,SQUID_INK,1996,25,,,,,1998,5,1999.0,25.0,,,1997.0,0.0,-2
-2,84100,SQUID_INK,1997,29,,,,,2000,26,,,,,1998.5,0.0,-2
-2,84200,SQUID_INK,1999,1,1997.0,30.0,,,2000,27,,,,,1999.5,0.0,-2
-2,84300,SQUID_INK,1997,25,,,,,2001,25,,,,,1999.0,0.0,-2
-2,84400,SQUID_INK,1997,30,,,,,2000,30,,,,,1998.5,0.0,-2
-2,84500,SQUID_INK,1997,1,1996.0,28.0,,,2000,29,,,,,1998.5,0.0,-2
-2,84600,SQUID_INK,1997,28,,,,,2000,28,,,,,1998.5,0.0,-2
-2,84700,SQUID_INK,2000,1,1998.0,28.0,,,2001,28,,,,,2000.5,0.0,-2
-2,84800,SQUID_INK,1997,24,,,,,2000,1,2001.0,23.0,,,1998.5,0.0,-2
-2,84900,SQUID_INK,1997,28,,,,,1999,1,2001.0,28.0,,,1998.0,0.0,-2
-2,85000,SQUID_INK,1996,30,,,,,1999,30,,,,,1997.5,0.0,-2
-2,85100,SQUID_INK,1996,1,1995.0,25.0,,,1997,8,1999.0,26.0,,,1996.5,0.0,-2
-2,85200,SQUID_INK,1996,27,,,,,1998,1,1999.0,27.0,,,1997.0,0.0,-2
-2,85300,SQUID_INK,1997,28,,,,,2000,28,,,,,1998.5,0.0,-2
-2,85400,SQUID_INK,1997,4,1996.0,28.0,,,2000,29,,,,,1998.5,0.0,-2
-2,85500,SQUID_INK,1996,28,,,,,1999,28,,,,,1997.5,0.0,-2
-2,85600,SQUID_INK,1996,29,,,,,1999,29,,,,,1997.5,0.0,-2
-2,85700,SQUID_INK,1996,28,,,,,1999,28,,,,,1997.5,0.0,-2
-2,85800,SQUID_INK,1997,29,,,,,2000,29,,,,,1998.5,0.0,-2
-2,85900,SQUID_INK,1997,30,,,,,2000,30,,,,,1998.5,0.0,-2
-2,86000,SQUID_INK,1998,23,,,,,1999,1,2002.0,23.0,,,1998.5,0.0,-2
-2,86100,SQUID_INK,1998,20,,,,,2001,20,,,,,1999.5,0.0,-2
-2,86200,SQUID_INK,1998,28,,,,,2002,28,,,,,2000.0,0.0,-2
-2,86300,SQUID_INK,1998,28,,,,,2001,29,,,,,1999.5,0.0,-2
-2,86400,SQUID_INK,1999,37,,,,,2002,31,,,,,2000.5,0.0,-2
-2,86500,SQUID_INK,1999,1,1998.0,23.0,,,2001,2,2002.0,21.0,,,2000.0,0.0,-2
-2,86600,SQUID_INK,2000,22,,,,,2002,5,2003.0,22.0,,,2001.0,0.0,-2
-2,86700,SQUID_INK,2000,21,,,,,2003,21,,,,,2001.5,0.0,-2
-2,86800,SQUID_INK,2000,23,,,,,2003,23,,,,,2001.5,0.0,-2
-2,86900,SQUID_INK,1999,23,,,,,2001,4,2002.0,23.0,,,2000.0,0.0,-2
-2,87000,SQUID_INK,2000,22,,,,,2002,6,2003.0,22.0,,,2001.0,0.0,-2
-2,87100,SQUID_INK,2001,23,,,,,2003,8,2004.0,23.0,,,2002.0,0.0,-2
-2,87200,SQUID_INK,1999,20,,,,,2002,20,,,,,2000.5,0.0,-2
-2,87300,SQUID_INK,1998,30,,,,,2002,30,,,,,2000.0,0.0,-2
-2,87400,SQUID_INK,1998,28,,,,,2001,28,,,,,1999.5,0.0,-2
-2,87500,SQUID_INK,1998,31,,,,,2001,24,,,,,1999.5,0.0,-2
-2,87600,SQUID_INK,1998,30,,,,,2001,30,,,,,1999.5,0.0,-2
-2,87700,SQUID_INK,1998,20,,,,,2001,20,,,,,1999.5,0.0,-2
-2,87800,SQUID_INK,1997,20,,,,,2001,20,,,,,1999.0,0.0,-2
-2,87900,SQUID_INK,1999,10,1998.0,5.0,1997.0,25.0,2001,25,,,,,2000.0,0.0,-2
-2,88000,SQUID_INK,1997,27,,,,,2000,27,,,,,1998.5,0.0,-2
-2,88100,SQUID_INK,1996,28,,,,,1999,28,,,,,1997.5,0.0,-2
-2,88200,SQUID_INK,1997,34,,,,,2000,26,,,,,1998.5,0.0,-2
-2,88300,SQUID_INK,1998,5,1996.0,26.0,,,2000,26,,,,,1999.0,0.0,-2
-2,88400,SQUID_INK,1998,1,1996.0,28.0,,,2000,28,,,,,1999.0,0.0,-2
-2,88500,SQUID_INK,1996,22,,,,,2000,22,,,,,1998.0,0.0,-2
-2,88600,SQUID_INK,1996,25,,,,,1997,4,1999.0,25.0,,,1996.5,0.0,-2
-2,88700,SQUID_INK,1995,28,,,,,1997,1,1999.0,28.0,,,1996.0,0.0,-2
-2,88800,SQUID_INK,1994,26,,,,,1995,4,1997.0,31.0,,,1994.5,0.0,-2
-2,88900,SQUID_INK,1994,1,1992.0,27.0,,,1996,27,,,,,1995.0,0.0,-2
-2,89000,SQUID_INK,1992,24,,,,,1996,24,,,,,1994.0,0.0,-2
-2,89100,SQUID_INK,1993,29,,,,,1994,2,1996.0,2.0,1997.0,27.0,1993.5,0.0,-2
-2,89200,SQUID_INK,1993,30,,,,,1996,30,,,,,1994.5,0.0,-2
-2,89300,SQUID_INK,1993,25,,,,,1996,25,,,,,1994.5,0.0,-2
-2,89400,SQUID_INK,1994,4,1993.0,23.0,,,1995,3,1996.0,23.0,,,1994.5,0.0,-2
-2,89500,SQUID_INK,1993,27,,,,,1996,27,,,,,1994.5,0.0,-2
-2,89600,SQUID_INK,1992,26,,,,,1996,26,,,,,1994.0,0.0,-2
-2,89700,SQUID_INK,1992,30,,,,,1994,8,1995.0,30.0,,,1993.0,0.0,-2
-2,89800,SQUID_INK,1993,28,,,,,1996,28,,,,,1994.5,0.0,-2
-2,89900,SQUID_INK,1993,26,,,,,1996,26,,,,,1994.5,0.0,-2
-2,90000,SQUID_INK,1993,4,1992.0,24.0,,,1996,24,,,,,1994.5,0.0,-2
-2,90100,SQUID_INK,1991,28,,,,,1995,28,,,,,1993.0,0.0,-2
-2,90200,SQUID_INK,1992,21,,,,,1995,21,,,,,1993.5,0.0,-2
-2,90300,SQUID_INK,1993,23,,,,,1995,6,1996.0,23.0,,,1994.0,0.0,-2
-2,90400,SQUID_INK,1994,20,,,,,1997,25,,,,,1995.5,0.0,-2
-2,90500,SQUID_INK,1993,30,,,,,1996,24,,,,,1994.5,0.0,-2
-2,90600,SQUID_INK,1995,1,1993.0,26.0,,,1996,25,,,,,1995.5,0.0,-2
-2,90700,SQUID_INK,1993,28,,,,,1996,28,,,,,1994.5,0.0,-2
-2,90800,SQUID_INK,1994,26,,,,,1995,3,1997.0,26.0,,,1994.5,0.0,-2
-2,90900,SQUID_INK,1993,26,,,,,1995,4,1997.0,26.0,,,1994.0,0.0,-2
-2,91000,SQUID_INK,1993,30,,,,,1996,31,,,,,1994.5,0.0,-2
-2,91100,SQUID_INK,1992,23,,,,,1994,4,1995.0,23.0,,,1993.0,0.0,-2
-2,91200,SQUID_INK,1991,26,,,,,1994,26,,,,,1992.5,0.0,-2
-2,91300,SQUID_INK,1991,27,,,,,1994,27,,,,,1992.5,0.0,-2
-2,91400,SQUID_INK,1990,22,,,,,1993,22,,,,,1991.5,0.0,-2
-2,91500,SQUID_INK,1989,26,,,,,1991,1,1992.0,26.0,,,1990.0,0.0,-2
-2,91600,SQUID_INK,1990,30,,,,,1992,5,1994.0,30.0,,,1991.0,0.0,-2
-2,91700,SQUID_INK,1989,27,,,,,1992,23,,,,,1990.5,0.0,-2
-2,91800,SQUID_INK,1990,24,,,,,1993,24,,,,,1991.5,0.0,-2
-2,91900,SQUID_INK,1990,29,,,,,1993,22,,,,,1991.5,0.0,-2
-2,92000,SQUID_INK,1990,28,,,,,1994,28,,,,,1992.0,0.0,-2
-2,92100,SQUID_INK,1992,22,,,,,1995,22,,,,,1993.5,0.0,-2
-2,92200,SQUID_INK,1990,30,,,,,1992,4,1993.0,30.0,,,1991.0,0.0,-2
-2,92300,SQUID_INK,1990,30,,,,,1993,29,,,,,1991.5,0.0,-2
-2,92400,SQUID_INK,1990,2,1989.0,27.0,,,1991,8,1992.0,27.0,,,1990.5,0.0,-2
-2,92500,SQUID_INK,1989,1,1988.0,26.0,,,1992,28,,,,,1990.5,0.0,-2
-2,92600,SQUID_INK,1988,22,,,,,1990,4,1991.0,23.0,,,1989.0,0.0,-2
-2,92700,SQUID_INK,1989,20,,,,,1992,20,,,,,1990.5,0.0,-2
-2,92800,SQUID_INK,1989,22,,,,,1993,22,,,,,1991.0,0.0,-2
-2,92900,SQUID_INK,1990,21,,,,,1994,21,,,,,1992.0,0.0,-2
-2,93000,SQUID_INK,1992,22,,,,,1994,3,1995.0,22.0,,,1993.0,0.0,-2
-2,93100,SQUID_INK,1993,4,1992.0,21.0,,,1994,2,1995.0,21.0,,,1993.5,0.0,-2
-2,93200,SQUID_INK,1993,30,,,,,1995,3,1996.0,30.0,,,1994.0,0.0,-2
-2,93300,SQUID_INK,1995,27,,,,,1998,25,,,,,1996.5,0.0,-2
-2,93400,SQUID_INK,1993,26,,,,,1996,26,,,,,1994.5,0.0,-2
-2,93500,SQUID_INK,1993,28,,,,,1996,28,,,,,1994.5,0.0,-2
-2,93600,SQUID_INK,1993,30,,,,,1995,1,1996.0,30.0,,,1994.0,0.0,-2
-2,93700,SQUID_INK,1995,29,,,,,1998,29,,,,,1996.5,0.0,-2
-2,93800,SQUID_INK,1997,28,,,,,1999,8,2001.0,28.0,,,1998.0,0.0,-2
-2,93900,SQUID_INK,1997,28,,,,,2000,28,,,,,1998.5,0.0,-2
-2,94000,SQUID_INK,1996,30,,,,,1999,30,,,,,1997.5,0.0,-2
-2,94100,SQUID_INK,1999,1,1997.0,28.0,,,2000,28,,,,,1999.5,0.0,-2
-2,94200,SQUID_INK,1997,25,,,,,2001,25,,,,,1999.0,0.0,-2
-2,94300,SQUID_INK,1997,22,,,,,1998,1,2001.0,22.0,,,1997.5,0.0,-2
-2,94400,SQUID_INK,1997,23,,,,,2000,24,,,,,1998.5,0.0,-2
-2,94500,SQUID_INK,1997,22,,,,,2001,23,,,,,1999.0,0.0,-2
-2,94600,SQUID_INK,1999,4,1998.0,30.0,,,2001,30,,,,,2000.0,0.0,-2
-2,94700,SQUID_INK,1996,22,,,,,1999,22,,,,,1997.5,0.0,-2
-2,94800,SQUID_INK,1996,26,,,,,1999,26,,,,,1997.5,0.0,-2
-2,94900,SQUID_INK,1996,5,1995.0,30.0,,,1999,30,,,,,1997.5,0.0,-2
-2,95000,SQUID_INK,1997,2,1996.0,21.0,,,2000,23,,,,,1998.5,0.0,-2
-2,95100,SQUID_INK,1997,25,,,,,1999,5,2000.0,25.0,,,1998.0,0.0,-2
-2,95200,SQUID_INK,1997,23,,,,,2000,23,,,,,1998.5,0.0,-2
-2,95300,SQUID_INK,1996,38,,,,,1999,31,,,,,1997.5,0.0,-2
-2,95400,SQUID_INK,1997,25,,,,,2000,25,,,,,1998.5,0.0,-2
-2,95500,SQUID_INK,1997,21,,,,,2000,21,,,,,1998.5,0.0,-2
-2,95600,SQUID_INK,1999,1,1998.0,5.0,1997.0,22.0,2000,22,,,,,1999.5,0.0,-2
-2,95700,SQUID_INK,1997,32,,,,,2000,32,,,,,1998.5,0.0,-2
-2,95800,SQUID_INK,1994,25,,,,,1998,26,,,,,1996.0,0.0,-2
-2,95900,SQUID_INK,1994,25,,,,,1996,3,1997.0,25.0,,,1995.0,0.0,-2
-2,96000,SQUID_INK,1995,21,,,,,1998,21,,,,,1996.5,0.0,-2
-2,96100,SQUID_INK,1995,30,,,,,1999,30,,,,,1997.0,0.0,-2
-2,96200,SQUID_INK,1996,1,1995.0,27.0,,,1999,29,,,,,1997.5,0.0,-2
-2,96300,SQUID_INK,1996,24,,,,,2000,24,,,,,1998.0,0.0,-2
-2,96400,SQUID_INK,1997,1,1996.0,26.0,,,2000,27,,,,,1998.5,0.0,-2
-2,96500,SQUID_INK,1997,23,,,,,2000,23,,,,,1998.5,0.0,-2
-2,96600,SQUID_INK,1996,31,,,,,2000,31,,,,,1998.0,0.0,-2
-2,96700,SQUID_INK,1997,2,1996.0,23.0,,,2000,25,,,,,1998.5,0.0,-2
-2,96800,SQUID_INK,1999,1,1997.0,27.0,,,2000,27,,,,,1999.5,0.0,-2
-2,96900,SQUID_INK,1997,21,,,,,2000,21,,,,,1998.5,0.0,-2
-2,97000,SQUID_INK,1995,24,,,,,1996,2,1999.0,24.0,,,1995.5,0.0,-2
-2,97100,SQUID_INK,1997,3,1996.0,20.0,,,1999,20,,,,,1998.0,0.0,-2
-2,97200,SQUID_INK,1996,22,,,,,2000,22,,,,,1998.0,0.0,-2
-2,97300,SQUID_INK,1996,32,,,,,1999,32,,,,,1997.5,0.0,-2
-2,97400,SQUID_INK,1998,9,1997.0,30.0,,,2001,31,,,,,1999.5,0.0,-2
-2,97500,SQUID_INK,1999,4,1997.0,22.0,,,2000,22,,,,,1999.5,0.0,-2
-2,97600,SQUID_INK,1997,31,,,,,2000,31,,,,,1998.5,0.0,-2
-2,97700,SQUID_INK,1997,32,,,,,2001,32,,,,,1999.0,0.0,-2
-2,97800,SQUID_INK,1997,24,,,,,2000,24,,,,,1998.5,0.0,-2
-2,97900,SQUID_INK,1997,30,,,,,2000,30,,,,,1998.5,0.0,-2
-2,98000,SQUID_INK,1996,31,,,,,1999,31,,,,,1997.5,0.0,-2
-2,98100,SQUID_INK,1998,1,1997.0,8.0,1996.0,27.0,2000,27,,,,,1999.0,0.0,-2
-2,98200,SQUID_INK,1996,26,,,,,1998,3,2000.0,27.0,,,1997.0,0.0,-2
-2,98300,SQUID_INK,1996,22,,,,,1998,5,1999.0,26.0,,,1997.0,0.0,-2
-2,98400,SQUID_INK,1996,25,,,,,1999,26,,,,,1997.5,0.0,-2
-2,98500,SQUID_INK,1998,5,1996.0,25.0,,,1999,25,,,,,1998.5,0.0,-2
-2,98600,SQUID_INK,1996,21,,,,,1999,20,,,,,1997.5,0.0,-2
-2,98700,SQUID_INK,1996,29,,,,,1999,29,,,,,1997.5,0.0,-2
-2,98800,SQUID_INK,1998,32,,,,,2001,32,,,,,1999.5,0.0,-2
-2,98900,SQUID_INK,1999,3,1998.0,25.0,,,2001,25,,,,,2000.0,0.0,-2
-2,99000,SQUID_INK,1998,23,,,,,2000,7,2001.0,23.0,,,1999.0,0.0,-2
-2,99100,SQUID_INK,1998,22,,,,,2000,2,2001.0,22.0,,,1999.0,0.0,-2
-2,99200,SQUID_INK,1999,1,1998.0,3.0,1997.0,2.0,2000,31,,,,,1999.5,0.0,-2
-2,99300,SQUID_INK,1997,1,1996.0,20.0,,,1998,2,2000.0,21.0,,,1997.5,0.0,-2
-2,99400,SQUID_INK,1998,2,1997.0,24.0,,,2001,26,,,,,1999.5,0.0,-2
-2,99500,SQUID_INK,1999,1,1997.0,34.0,,,2000,30,,,,,1999.5,0.0,-2
-2,99600,SQUID_INK,1995,28,,,,,1998,28,,,,,1996.5,0.0,-2
-2,99700,SQUID_INK,1995,31,,,,,1998,31,,,,,1996.5,0.0,-2
-2,99800,SQUID_INK,1995,35,,,,,1996,4,1998.0,29.0,,,1995.5,0.0,-2
-2,99900,SQUID_INK,1995,28,,,,,1998,28,,,,,1996.5,0.0,-2
-2,100000,SQUID_INK,1996,30,,,,,1999,30,,,,,1997.5,0.0,-2
-2,100100,SQUID_INK,1995,27,,,,,1998,28,,,,,1996.5,0.0,-2
-2,100200,SQUID_INK,1994,22,,,,,1997,22,,,,,1995.5,0.0,-2
-2,100300,SQUID_INK,1992,28,,,,,1995,1,1996.0,27.0,,,1993.5,0.0,-2
-2,100400,SQUID_INK,1996,1,1994.0,1.0,1993.0,20.0,1997,21,,,,,1996.5,0.0,-2
-2,100500,SQUID_INK,1994,24,,,,,1998,24,,,,,1996.0,0.0,-2
-2,100600,SQUID_INK,1995,31,,,,,1998,31,,,,,1996.5,0.0,-2
-2,100700,SQUID_INK,1995,27,,,,,1998,27,,,,,1996.5,0.0,-2
-2,100800,SQUID_INK,1996,22,,,,,1999,22,,,,,1997.5,0.0,-2
-2,100900,SQUID_INK,1995,26,,,,,1998,26,,,,,1996.5,0.0,-2
-2,101000,SQUID_INK,1994,21,,,,,1998,21,,,,,1996.0,0.0,-2
-2,101100,SQUID_INK,1996,6,1995.0,28.0,,,1998,1,1999.0,27.0,,,1997.0,0.0,-2
-2,101200,SQUID_INK,1995,23,,,,,1998,23,,,,,1996.5,0.0,-2
-2,101300,SQUID_INK,1997,6,1996.0,28.0,,,1999,1,2000.0,27.0,,,1998.0,0.0,-2
-2,101400,SQUID_INK,1996,26,,,,,2000,26,,,,,1998.0,0.0,-2
-2,101500,SQUID_INK,1998,26,,,,,2000,3,2001.0,26.0,,,1999.0,0.0,-2
-2,101600,SQUID_INK,1997,28,,,,,2001,28,,,,,1999.0,0.0,-2
-2,101700,SQUID_INK,1999,22,,,,,2002,22,,,,,2000.5,0.0,-2
-2,101800,SQUID_INK,1998,23,,,,,2001,23,,,,,1999.5,0.0,-2
-2,101900,SQUID_INK,1998,21,,,,,2001,21,,,,,1999.5,0.0,-2
-2,102000,SQUID_INK,1998,25,,,,,2001,25,,,,,1999.5,0.0,-2
-2,102100,SQUID_INK,1997,23,,,,,1999,4,2000.0,1.0,2001.0,22.0,1998.0,0.0,-2
-2,102200,SQUID_INK,1998,31,,,,,2001,31,,,,,1999.5,0.0,-2
-2,102300,SQUID_INK,1998,36,,,,,2001,30,,,,,1999.5,0.0,-2
-2,102400,SQUID_INK,1998,30,,,,,2000,4,2002.0,31.0,,,1999.0,0.0,-2
-2,102500,SQUID_INK,2001,1,1998.0,30.0,,,2002,30,,,,,2001.5,0.0,-2
-2,102600,SQUID_INK,1999,23,,,,,2002,23,,,,,2000.5,0.0,-2
-2,102700,SQUID_INK,1998,30,,,,,2001,22,,,,,1999.5,0.0,-2
-2,102800,SQUID_INK,1998,29,,,,,2001,29,,,,,1999.5,0.0,-2
-2,102900,SQUID_INK,1998,25,,,,,2001,25,,,,,1999.5,0.0,-2
-2,103000,SQUID_INK,1999,2,1998.0,30.0,,,2001,2,2002.0,28.0,,,2000.0,0.0,-2
-2,103100,SQUID_INK,1999,22,,,,,2002,22,,,,,2000.5,0.0,-2
-2,103200,SQUID_INK,2000,24,,,,,2003,24,,,,,2001.5,0.0,-2
-2,103300,SQUID_INK,2003,2,2001.0,21.0,,,2004,21,,,,,2003.5,0.0,-2
-2,103400,SQUID_INK,2002,29,,,,,2004,5,2005.0,29.0,,,2003.0,0.0,-2
-2,103500,SQUID_INK,2001,31,,,,,2004,2,2005.0,29.0,,,2002.5,0.0,-2
-2,103600,SQUID_INK,2003,1,2001.0,31.0,,,2004,2,2005.0,29.0,,,2003.5,0.0,-2
-2,103700,SQUID_INK,2002,30,,,,,2005,22,,,,,2003.5,0.0,-2
-2,103800,SQUID_INK,2002,31,,,,,2005,31,,,,,2003.5,0.0,-2
-2,103900,SQUID_INK,2001,22,,,,,2004,22,,,,,2002.5,0.0,-2
-2,104000,SQUID_INK,2001,29,,,,,2004,29,,,,,2002.5,0.0,-2
-2,104100,SQUID_INK,2000,30,,,,,2001,3,2002.0,6.0,2003.0,30.0,2000.5,0.0,-2
-2,104200,SQUID_INK,2000,23,,,,,2003,23,,,,,2001.5,0.0,-2
-2,104300,SQUID_INK,2000,24,,,,,2003,24,,,,,2001.5,0.0,-2
-2,104400,SQUID_INK,2002,5,2001.0,29.0,,,2004,21,,,,,2003.0,0.0,-2
-2,104500,SQUID_INK,2001,28,,,,,2004,25,,,,,2002.5,0.0,-2
-2,104600,SQUID_INK,2001,30,,,,,2004,27,,,,,2002.5,0.0,-2
-2,104700,SQUID_INK,2000,24,,,,,2003,25,,,,,2001.5,0.0,-2
-2,104800,SQUID_INK,2001,5,2000.0,27.0,,,2003,2,2004.0,25.0,,,2002.0,0.0,-2
-2,104900,SQUID_INK,2002,1,2000.0,1.0,1999.0,27.0,2003,28,,,,,2002.5,0.0,-2
-2,105000,SQUID_INK,2000,31,,,,,2003,31,,,,,2001.5,0.0,-2
-2,105100,SQUID_INK,1998,29,,,,,2001,29,,,,,1999.5,0.0,-2
-2,105200,SQUID_INK,1998,21,,,,,2001,22,,,,,1999.5,0.0,-2
-2,105300,SQUID_INK,1998,26,,,,,2001,23,,,,,1999.5,0.0,-2
-2,105400,SQUID_INK,1998,29,,,,,2000,4,2001.0,29.0,,,1999.0,0.0,-2
-2,105500,SQUID_INK,1998,22,,,,,2001,22,,,,,1999.5,0.0,-2
-2,105600,SQUID_INK,1998,29,,,,,2000,3,2001.0,29.0,,,1999.0,0.0,-2
-2,105700,SQUID_INK,1999,31,,,,,2002,31,,,,,2000.5,0.0,-2
-2,105800,SQUID_INK,1999,28,,,,,2000,6,2003.0,28.0,,,1999.5,0.0,-2
-2,105900,SQUID_INK,1998,27,,,,,2002,27,,,,,2000.0,0.0,-2
-2,106000,SQUID_INK,1998,23,,,,,2002,23,,,,,2000.0,0.0,-2
-2,106100,SQUID_INK,1997,26,,,,,2001,26,,,,,1999.0,0.0,-2
-2,106200,SQUID_INK,1999,2,1998.0,23.0,,,2002,23,,,,,2000.5,0.0,-2
-2,106300,SQUID_INK,1998,22,,,,,2001,22,,,,,1999.5,0.0,-2
-2,106400,SQUID_INK,1999,26,,,,,2002,26,,,,,2000.5,0.0,-2
-2,106500,SQUID_INK,1998,22,,,,,2002,22,,,,,2000.0,0.0,-2
-2,106600,SQUID_INK,2000,7,1999.0,20.0,,,2003,20,,,,,2001.5,0.0,-2
-2,106700,SQUID_INK,1999,30,,,,,2001,8,2002.0,30.0,,,2000.0,0.0,-2
-2,106800,SQUID_INK,1999,23,,,,,2002,23,,,,,2000.5,0.0,-2
-2,106900,SQUID_INK,1999,23,,,,,2000,10,2003.0,23.0,,,1999.5,0.0,-2
-2,107000,SQUID_INK,1999,27,,,,,2003,27,,,,,2001.0,0.0,-2
-2,107100,SQUID_INK,2002,1,2000.0,1.0,1999.0,29.0,2003,30,,,,,2002.5,0.0,-2
-2,107200,SQUID_INK,1999,26,,,,,2003,26,,,,,2001.0,0.0,-2
-2,107300,SQUID_INK,1998,29,,,,,2000,1,2002.0,29.0,,,1999.0,0.0,-2
-2,107400,SQUID_INK,1999,25,,,,,2003,25,,,,,2001.0,0.0,-2
-2,107500,SQUID_INK,1999,25,,,,,2002,2,2003.0,23.0,,,2000.5,0.0,-2
-2,107600,SQUID_INK,1998,2,1997.0,20.0,,,2001,22,,,,,1999.5,0.0,-2
-2,107700,SQUID_INK,2000,4,1998.0,24.0,,,2001,22,,,,,2000.5,0.0,-2
-2,107800,SQUID_INK,2000,1,1997.0,22.0,,,2001,22,,,,,2000.5,0.0,-2
-2,107900,SQUID_INK,1997,25,,,,,2000,2,2001.0,23.0,,,1998.5,0.0,-2
-2,108000,SQUID_INK,1996,32,,,,,1999,32,,,,,1997.5,0.0,-2
-2,108100,SQUID_INK,1999,24,,,,,2002,29,,,,,2000.5,0.0,-2
-2,108200,SQUID_INK,1998,25,,,,,2001,25,,,,,1999.5,0.0,-2
-2,108300,SQUID_INK,1998,27,,,,,2001,27,,,,,1999.5,0.0,-2
-2,108400,SQUID_INK,1999,1,1996.0,27.0,,,2000,27,,,,,1999.5,0.0,-2
-2,108500,SQUID_INK,1998,26,,,,,1999,2,2001.0,26.0,,,1998.5,0.0,-2
-2,108600,SQUID_INK,1998,24,,,,,2001,26,,,,,1999.5,0.0,-2
-2,108700,SQUID_INK,1997,26,,,,,2001,26,,,,,1999.0,0.0,-2
-2,108800,SQUID_INK,1998,20,,,,,2000,4,2001.0,21.0,,,1999.0,0.0,-2
-2,108900,SQUID_INK,1997,28,,,,,2000,28,,,,,1998.5,0.0,-2
-2,109000,SQUID_INK,1997,22,,,,,1999,8,2001.0,22.0,,,1998.0,0.0,-2
-2,109100,SQUID_INK,1999,3,1998.0,8.0,1997.0,21.0,2001,23,,,,,2000.0,0.0,-2
-2,109200,SQUID_INK,1997,31,,,,,2000,26,,,,,1998.5,0.0,-2
-2,109300,SQUID_INK,1997,23,,,,,2000,23,,,,,1998.5,0.0,-2
-2,109400,SQUID_INK,1999,1,1997.0,30.0,,,2000,30,,,,,1999.5,0.0,-2
-2,109500,SQUID_INK,1997,22,,,,,2000,22,,,,,1998.5,0.0,-2
-2,109600,SQUID_INK,1997,23,,,,,2001,23,,,,,1999.0,0.0,-2
-2,109700,SQUID_INK,1997,28,,,,,2000,1,2001.0,27.0,,,1998.5,0.0,-2
-2,109800,SQUID_INK,1997,29,,,,,2000,29,,,,,1998.5,0.0,-2
-2,109900,SQUID_INK,1998,26,,,,,2000,7,2001.0,26.0,,,1999.0,0.0,-2
-2,110000,SQUID_INK,1999,32,,,,,2002,30,,,,,2000.5,0.0,-2
-2,110100,SQUID_INK,2001,2,1999.0,28.0,,,2002,24,,,,,2001.5,0.0,-2
-2,110200,SQUID_INK,1999,23,,,,,2002,23,,,,,2000.5,0.0,-2
-2,110300,SQUID_INK,1999,30,,,,,2002,30,,,,,2000.5,0.0,-2
-2,110400,SQUID_INK,1999,29,,,,,2003,29,,,,,2001.0,0.0,-2
-2,110500,SQUID_INK,1999,23,,,,,2003,23,,,,,2001.0,0.0,-2
-2,110600,SQUID_INK,1999,23,,,,,2002,23,,,,,2000.5,0.0,-2
-2,110700,SQUID_INK,2000,22,,,,,2003,22,,,,,2001.5,0.0,-2
-2,110800,SQUID_INK,1999,27,,,,,2003,27,,,,,2001.0,0.0,-2
-2,110900,SQUID_INK,1998,32,,,,,2001,32,,,,,1999.5,0.0,-2
-2,111000,SQUID_INK,1998,28,,,,,2002,28,,,,,2000.0,0.0,-2
-2,111100,SQUID_INK,1998,21,,,,,2001,21,,,,,1999.5,0.0,-2
-2,111200,SQUID_INK,2000,27,,,,,2001,3,2003.0,27.0,,,2000.5,0.0,-2
-2,111300,SQUID_INK,2003,3,2001.0,20.0,,,2004,20,,,,,2003.5,0.0,-2
-2,111400,SQUID_INK,2000,28,,,,,2004,28,,,,,2002.0,0.0,-2
-2,111500,SQUID_INK,2000,25,,,,,2002,6,2003.0,25.0,,,2001.0,0.0,-2
-2,111600,SQUID_INK,2000,29,,,,,2002,2,2004.0,31.0,,,2001.0,0.0,-2
-2,111700,SQUID_INK,2001,28,,,,,2004,28,,,,,2002.5,0.0,-2
-2,111800,SQUID_INK,2001,34,,,,,2004,26,,,,,2002.5,0.0,-2
-2,111900,SQUID_INK,2001,26,,,,,2004,26,,,,,2002.5,0.0,-2
-2,112000,SQUID_INK,2002,5,2001.0,28.0,,,2004,28,,,,,2003.0,0.0,-2
-2,112100,SQUID_INK,2001,25,,,,,2004,25,,,,,2002.5,0.0,-2
-2,112200,SQUID_INK,2002,3,2001.0,29.0,,,2005,29,,,,,2003.5,0.0,-2
-2,112300,SQUID_INK,1999,25,,,,,2002,23,,,,,2000.5,0.0,-2
-2,112400,SQUID_INK,2001,1,1999.0,29.0,,,2002,29,,,,,2001.5,0.0,-2
-2,112500,SQUID_INK,1998,26,,,,,2002,27,,,,,2000.0,0.0,-2
-2,112600,SQUID_INK,1999,30,,,,,2001,7,2002.0,30.0,,,2000.0,0.0,-2
-2,112700,SQUID_INK,1998,22,,,,,2002,22,,,,,2000.0,0.0,-2
-2,112800,SQUID_INK,1999,2,1998.0,22.0,,,2001,2,2002.0,20.0,,,2000.0,0.0,-2
-2,112900,SQUID_INK,1999,23,,,,,2001,4,2002.0,23.0,,,2000.0,0.0,-2
-2,113000,SQUID_INK,2000,1,1999.0,23.0,,,2003,24,,,,,2001.5,0.0,-2
-2,113100,SQUID_INK,2002,1,2000.0,25.0,,,2003,25,,,,,2002.5,0.0,-2
-2,113200,SQUID_INK,1999,27,,,,,2003,28,,,,,2001.0,0.0,-2
-2,113300,SQUID_INK,2000,21,,,,,2002,4,2003.0,21.0,,,2001.0,0.0,-2
-2,113400,SQUID_INK,2000,21,,,,,2002,7,2003.0,21.0,,,2001.0,0.0,-2
-2,113500,SQUID_INK,1999,26,,,,,2002,20,,,,,2000.5,0.0,-2
-2,113600,SQUID_INK,1998,27,,,,,2002,28,,,,,2000.0,0.0,-2
-2,113700,SQUID_INK,2000,2,1999.0,24.0,,,2001,1,2003.0,26.0,,,2000.5,0.0,-2
-2,113800,SQUID_INK,2000,28,,,,,2002,2,2003.0,28.0,,,2001.0,0.0,-2
-2,113900,SQUID_INK,2001,1,2000.0,28.0,,,2004,28,,,,,2002.5,0.0,-2
-2,114000,SQUID_INK,2000,26,,,,,2003,26,,,,,2001.5,0.0,-2
-2,114100,SQUID_INK,2003,9,2001.0,31.0,,,2004,28,,,,,2003.5,0.0,-2
-2,114200,SQUID_INK,2000,28,,,,,2003,28,,,,,2001.5,0.0,-2
-2,114300,SQUID_INK,2000,21,,,,,2004,22,,,,,2002.0,0.0,-2
-2,114400,SQUID_INK,2000,25,,,,,2002,5,2003.0,2.0,2004.0,23.0,2001.0,0.0,-2
-2,114500,SQUID_INK,2000,28,,,,,2002,1,2003.0,28.0,,,2001.0,0.0,-2
-2,114600,SQUID_INK,1999,21,,,,,2002,21,,,,,2000.5,0.0,-2
-2,114700,SQUID_INK,1999,31,,,,,2002,26,,,,,2000.5,0.0,-2
-2,114800,SQUID_INK,1998,31,,,,,2000,4,2002.0,31.0,,,1999.0,0.0,-2
-2,114900,SQUID_INK,1999,25,,,,,2002,25,,,,,2000.5,0.0,-2
-2,115000,SQUID_INK,1999,23,,,,,2002,24,,,,,2000.5,0.0,-2
-2,115100,SQUID_INK,2000,26,,,,,2002,8,2003.0,26.0,,,2001.0,0.0,-2
-2,115200,SQUID_INK,2000,21,,,,,2003,22,,,,,2001.5,0.0,-2
-2,115300,SQUID_INK,1999,28,,,,,2002,28,,,,,2000.5,0.0,-2
-2,115400,SQUID_INK,1999,34,,,,,2002,26,,,,,2000.5,0.0,-2
-2,115500,SQUID_INK,1999,30,,,,,2002,30,,,,,2000.5,0.0,-2
-2,115600,SQUID_INK,1999,24,,,,,2002,27,,,,,2000.5,0.0,-2
-2,115700,SQUID_INK,1998,25,,,,,2000,4,2001.0,25.0,,,1999.0,0.0,-2
-2,115800,SQUID_INK,2000,1,1998.0,31.0,,,2001,1,2002.0,30.0,,,2000.5,0.0,-2
-2,115900,SQUID_INK,1999,23,,,,,2002,23,,,,,2000.5,0.0,-2
-2,116000,SQUID_INK,1998,27,,,,,2000,3,2001.0,27.0,,,1999.0,0.0,-2
-2,116100,SQUID_INK,1999,32,,,,,2002,32,,,,,2000.5,0.0,-2
-2,116200,SQUID_INK,1998,23,,,,,2001,23,,,,,1999.5,0.0,-2
-2,116300,SQUID_INK,1999,2,1998.0,23.0,,,2002,25,,,,,2000.5,0.0,-2
-2,116400,SQUID_INK,1999,23,,,,,2001,1,2002.0,23.0,,,2000.0,0.0,-2
-2,116500,SQUID_INK,2000,30,,,,,2003,30,,,,,2001.5,0.0,-2
-2,116600,SQUID_INK,1999,22,,,,,2000,3,2001.0,1.0,2002.0,2.0,1999.5,0.0,-2
-2,116700,SQUID_INK,2002,1,1999.0,30.0,,,2003,30,,,,,2002.5,0.0,-2
-2,116800,SQUID_INK,2000,25,,,,,2003,25,,,,,2001.5,0.0,-2
-2,116900,SQUID_INK,2000,32,,,,,2001,5,2003.0,32.0,,,2000.5,0.0,-2
-2,117000,SQUID_INK,2000,24,,,,,2002,2,2003.0,24.0,,,2001.0,0.0,-2
-2,117100,SQUID_INK,2000,27,,,,,2002,2,2003.0,2.0,2004.0,25.0,2001.0,0.0,-2
-2,117200,SQUID_INK,2000,26,,,,,2003,26,,,,,2001.5,0.0,-2
-2,117300,SQUID_INK,2001,27,,,,,2003,2,2004.0,27.0,,,2002.0,0.0,-2
-2,117400,SQUID_INK,2001,9,2000.0,26.0,,,2004,28,,,,,2002.5,0.0,-2
-2,117500,SQUID_INK,2001,27,,,,,2004,26,,,,,2002.5,0.0,-2
-2,117600,SQUID_INK,2001,23,,,,,2004,23,,,,,2002.5,0.0,-2
-2,117700,SQUID_INK,2003,1,2001.0,27.0,,,2005,27,,,,,2004.0,0.0,-2
-2,117800,SQUID_INK,2001,26,,,,,2002,4,2005.0,26.0,,,2001.5,0.0,-2
-2,117900,SQUID_INK,2001,22,,,,,2005,22,,,,,2003.0,0.0,-2
-2,118000,SQUID_INK,2002,35,,,,,2005,28,,,,,2003.5,0.0,-2
-2,118100,SQUID_INK,2002,29,,,,,2005,29,,,,,2003.5,0.0,-2
-2,118200,SQUID_INK,2003,3,2002.0,32.0,,,2005,29,,,,,2004.0,0.0,-2
-2,118300,SQUID_INK,2003,2,2002.0,26.0,,,2004,7,2005.0,26.0,,,2003.5,0.0,-2
-2,118400,SQUID_INK,2002,28,,,,,2005,23,,,,,2003.5,0.0,-2
-2,118500,SQUID_INK,2001,30,,,,,2003,7,2004.0,30.0,,,2002.0,0.0,-2
-2,118600,SQUID_INK,2001,30,,,,,2004,31,,,,,2002.5,0.0,-2
-2,118700,SQUID_INK,2001,28,,,,,2005,28,,,,,2003.0,0.0,-2
-2,118800,SQUID_INK,2001,29,,,,,2004,29,,,,,2002.5,0.0,-2
-2,118900,SQUID_INK,2000,29,,,,,2003,29,,,,,2001.5,0.0,-2
-2,119000,SQUID_INK,2000,32,,,,,2002,3,2004.0,32.0,,,2001.0,0.0,-2
-2,119100,SQUID_INK,2001,23,,,,,2005,23,,,,,2003.0,0.0,-2
-2,119200,SQUID_INK,2001,31,,,,,2004,27,,,,,2002.5,0.0,-2
-2,119300,SQUID_INK,2000,29,,,,,2004,29,,,,,2002.0,0.0,-2
-2,119400,SQUID_INK,2001,24,,,,,2004,24,,,,,2002.5,0.0,-2
-2,119500,SQUID_INK,2001,26,,,,,2004,27,,,,,2002.5,0.0,-2
-2,119600,SQUID_INK,2001,21,,,,,2004,21,,,,,2002.5,0.0,-2
-2,119700,SQUID_INK,2001,7,2000.0,28.0,,,2004,30,,,,,2002.5,0.0,-2
-2,119800,SQUID_INK,2001,9,2000.0,29.0,,,2004,31,,,,,2002.5,0.0,-2
-2,119900,SQUID_INK,2000,27,,,,,2002,3,2003.0,27.0,,,2001.0,0.0,-2
-2,120000,SQUID_INK,1999,23,,,,,2001,3,2002.0,23.0,,,2000.0,0.0,-2
-2,120100,SQUID_INK,1998,27,,,,,2001,1,2002.0,26.0,,,1999.5,0.0,-2
-2,120200,SQUID_INK,1998,21,,,,,1999,1,2002.0,21.0,,,1998.5,0.0,-2
-2,120300,SQUID_INK,1999,33,,,,,2002,29,,,,,2000.5,0.0,-2
-2,120400,SQUID_INK,1999,36,,,,,2002,31,,,,,2000.5,0.0,-2
-2,120500,SQUID_INK,1999,31,,,,,2002,31,,,,,2000.5,0.0,-2
-2,120600,SQUID_INK,1999,28,,,,,2002,28,,,,,2000.5,0.0,-2
-2,120700,SQUID_INK,2000,30,,,,,2003,29,,,,,2001.5,0.0,-2
-2,120800,SQUID_INK,2000,1,1999.0,11.0,1998.0,29.0,2002,29,,,,,2001.0,0.0,-2
-2,120900,SQUID_INK,1997,30,,,,,1999,3,2001.0,30.0,,,1998.0,0.0,-2
-2,121000,SQUID_INK,1998,27,,,,,2001,27,,,,,1999.5,0.0,-2
-2,121100,SQUID_INK,1997,27,,,,,2000,27,,,,,1998.5,0.0,-2
-2,121200,SQUID_INK,1997,1,1996.0,24.0,,,2000,24,,,,,1998.5,0.0,-2
-2,121300,SQUID_INK,1996,1,1995.0,22.0,,,1999,23,,,,,1997.5,0.0,-2
-2,121400,SQUID_INK,1996,26,,,,,1998,6,1999.0,26.0,,,1997.0,0.0,-2
-2,121500,SQUID_INK,1993,25,,,,,1997,25,,,,,1995.0,0.0,-2
-2,121600,SQUID_INK,1994,30,,,,,1997,30,,,,,1995.5,0.0,-2
-2,121700,SQUID_INK,1995,27,,,,,1998,27,,,,,1996.5,0.0,-2
-2,121800,SQUID_INK,1993,23,,,,,1995,5,1997.0,23.0,,,1994.0,0.0,-2
-2,121900,SQUID_INK,1994,24,,,,,1997,24,,,,,1995.5,0.0,-2
-2,122000,SQUID_INK,1994,13,,,,,1997,22,,,,,1995.5,0.0,-2
-2,122100,SQUID_INK,1994,21,,,,,1996,8,1997.0,21.0,,,1995.0,0.0,-2
-2,122200,SQUID_INK,1994,25,,,,,1997,20,,,,,1995.5,0.0,-2
-2,122300,SQUID_INK,1995,1,1994.0,32.0,,,1997,2,1998.0,30.0,,,1996.0,0.0,-2
-2,122400,SQUID_INK,1995,20,,,,,1997,5,1998.0,20.0,,,1996.0,0.0,-2
-2,122500,SQUID_INK,1995,22,,,,,1997,5,1998.0,22.0,,,1996.0,0.0,-2
-2,122600,SQUID_INK,1996,2,1995.0,27.0,,,1999,29,,,,,1997.5,0.0,-2
-2,122700,SQUID_INK,1997,26,,,,,2000,27,,,,,1998.5,0.0,-2
-2,122800,SQUID_INK,1997,26,,,,,2000,26,,,,,1998.5,0.0,-2
-2,122900,SQUID_INK,1998,28,,,,,2000,6,2002.0,28.0,,,1999.0,0.0,-2
-2,123000,SQUID_INK,1998,1,1997.0,24.0,,,2001,24,,,,,1999.5,0.0,-2
-2,123100,SQUID_INK,1998,31,,,,,1999,5,2001.0,32.0,,,1998.5,0.0,-2
-2,123200,SQUID_INK,2000,1,1999.0,6.0,1998.0,36.0,2001,30,,,,,2000.5,0.0,-2
-2,123300,SQUID_INK,2000,9,1998.0,28.0,,,2001,28,,,,,2000.5,0.0,-2
-2,123400,SQUID_INK,1999,25,,,,,2002,25,,,,,2000.5,0.0,-2
-2,123500,SQUID_INK,2000,30,,,,,2003,26,,,,,2001.5,0.0,-2
-2,123600,SQUID_INK,2000,28,,,,,2004,28,,,,,2002.0,0.0,-2
-2,123700,SQUID_INK,2001,31,,,,,2004,31,,,,,2002.5,0.0,-2
-2,123800,SQUID_INK,2000,24,,,,,2004,24,,,,,2002.0,0.0,-2
-2,123900,SQUID_INK,2002,1,2001.0,2.0,2000.0,27.0,2004,27,,,,,2003.0,0.0,-2
-2,124000,SQUID_INK,2003,1,2001.0,28.0,,,2004,28,,,,,2003.5,0.0,-2
-2,124100,SQUID_INK,2000,22,,,,,2003,22,,,,,2001.5,0.0,-2
-2,124200,SQUID_INK,2000,3,1999.0,25.0,,,2002,25,,,,,2001.0,0.0,-2
-2,124300,SQUID_INK,2000,29,,,,,2003,29,,,,,2001.5,0.0,-2
-2,124400,SQUID_INK,2000,21,,,,,2004,21,,,,,2002.0,0.0,-2
-2,124500,SQUID_INK,1999,26,,,,,2003,26,,,,,2001.0,0.0,-2
-2,124600,SQUID_INK,2000,19,,,,,2003,22,,,,,2001.5,0.0,-2
-2,124700,SQUID_INK,1999,26,,,,,2002,26,,,,,2000.5,0.0,-2
-2,124800,SQUID_INK,1999,25,,,,,2003,25,,,,,2001.0,0.0,-2
-2,124900,SQUID_INK,1999,30,,,,,2002,30,,,,,2000.5,0.0,-2
-2,125000,SQUID_INK,2000,28,,,,,2003,28,,,,,2001.5,0.0,-2
-2,125100,SQUID_INK,2000,31,,,,,2003,32,,,,,2001.5,0.0,-2
-2,125200,SQUID_INK,1999,26,,,,,2001,1,2002.0,26.0,,,2000.0,0.0,-2
-2,125300,SQUID_INK,1998,27,,,,,2001,27,,,,,1999.5,0.0,-2
-2,125400,SQUID_INK,1998,32,,,,,2000,6,2001.0,32.0,,,1999.0,0.0,-2
-2,125500,SQUID_INK,1998,28,,,,,2001,28,,,,,1999.5,0.0,-2
-2,125600,SQUID_INK,1998,29,,,,,2000,7,2001.0,2.0,2002.0,27.0,1999.0,0.0,-2
-2,125700,SQUID_INK,1999,27,,,,,2002,27,,,,,2000.5,0.0,-2
-2,125800,SQUID_INK,2000,22,,,,,2003,22,,,,,2001.5,0.0,-2
-2,125900,SQUID_INK,1999,27,,,,,2002,23,,,,,2000.5,0.0,-2
-2,126000,SQUID_INK,2000,2,1999.0,28.0,,,2003,30,,,,,2001.5,0.0,-2
-2,126100,SQUID_INK,1999,26,,,,,2003,26,,,,,2001.0,0.0,-2
-2,126200,SQUID_INK,2000,27,,,,,2003,29,,,,,2001.5,0.0,-2
-2,126300,SQUID_INK,1999,31,,,,,2002,28,,,,,2000.5,0.0,-2
-2,126400,SQUID_INK,2000,30,,,,,2003,30,,,,,2001.5,0.0,-2
-2,126500,SQUID_INK,2001,27,,,,,2004,27,,,,,2002.5,0.0,-2
-2,126600,SQUID_INK,2000,26,,,,,2002,2,2003.0,26.0,,,2001.0,0.0,-2
-2,126700,SQUID_INK,2000,26,,,,,2003,26,,,,,2001.5,0.0,-2
-2,126800,SQUID_INK,2001,25,,,,,2004,25,,,,,2002.5,0.0,-2
-2,126900,SQUID_INK,2001,33,,,,,2004,25,,,,,2002.5,0.0,-2
-2,127000,SQUID_INK,2002,28,,,,,2006,28,,,,,2004.0,0.0,-2
-2,127100,SQUID_INK,2002,20,,,,,2005,20,,,,,2003.5,0.0,-2
-2,127200,SQUID_INK,2002,25,,,,,2005,24,,,,,2003.5,0.0,-2
-2,127300,SQUID_INK,2002,23,,,,,2005,24,,,,,2003.5,0.0,-2
-2,127400,SQUID_INK,2002,3,2001.0,23.0,,,2005,24,,,,,2003.5,0.0,-2
-2,127500,SQUID_INK,2001,24,,,,,2003,2,2005.0,24.0,,,2002.0,0.0,-2
-2,127600,SQUID_INK,2002,22,,,,,2003,1,2004.0,3.0,2006.0,22.0,2002.5,0.0,-2
-2,127700,SQUID_INK,2003,26,,,,,2005,7,2006.0,26.0,,,2004.0,0.0,-2
-2,127800,SQUID_INK,2002,24,,,,,2004,1,2006.0,24.0,,,2003.0,0.0,-2
-2,127900,SQUID_INK,2002,33,,,,,2005,28,,,,,2003.5,0.0,-2
-2,128000,SQUID_INK,2002,27,,,,,2005,27,,,,,2003.5,0.0,-2
-2,128100,SQUID_INK,2002,32,,,,,2005,26,,,,,2003.5,0.0,-2
-2,128200,SQUID_INK,2000,22,,,,,2004,22,,,,,2002.0,0.0,-2
-2,128300,SQUID_INK,1998,22,,,,,2000,6,2001.0,22.0,,,1999.0,0.0,-2
-2,128400,SQUID_INK,1998,31,,,,,1999,9,2001.0,1.0,2002.0,30.0,1998.5,0.0,-2
-2,128500,SQUID_INK,1999,28,,,,,2002,28,,,,,2000.5,0.0,-2
-2,128600,SQUID_INK,2000,34,,,,,2003,31,,,,,2001.5,0.0,-2
-2,128700,SQUID_INK,2000,29,,,,,2002,2,2003.0,29.0,,,2001.0,0.0,-2
-2,128800,SQUID_INK,2002,1,1999.0,24.0,,,2003,24,,,,,2002.5,0.0,-2
-2,128900,SQUID_INK,2001,3,1999.0,25.0,,,2003,25,,,,,2002.0,0.0,-2
-2,129000,SQUID_INK,1999,27,,,,,2002,22,,,,,2000.5,0.0,-2
-2,129100,SQUID_INK,1999,29,,,,,2003,29,,,,,2001.0,0.0,-2
-2,129200,SQUID_INK,1999,30,,,,,2002,30,,,,,2000.5,0.0,-2
-2,129300,SQUID_INK,1999,2,1998.0,26.0,,,2002,28,,,,,2000.5,0.0,-2
-2,129400,SQUID_INK,1998,24,,,,,2002,24,,,,,2000.0,0.0,-2
-2,129500,SQUID_INK,1999,1,1998.0,25.0,,,2002,25,,,,,2000.5,0.0,-2
-2,129600,SQUID_INK,1997,29,,,,,1999,6,2001.0,29.0,,,1998.0,0.0,-2
-2,129700,SQUID_INK,1996,20,,,,,1997,1,2000.0,20.0,,,1996.5,0.0,-2
-2,129800,SQUID_INK,1997,22,,,,,2000,21,,,,,1998.5,0.0,-2
-2,129900,SQUID_INK,1997,27,,,,,2001,27,,,,,1999.0,0.0,-2
-2,130000,SQUID_INK,1998,23,,,,,2001,23,,,,,1999.5,0.0,-2
-2,130100,SQUID_INK,1997,31,,,,,2000,31,,,,,1998.5,0.0,-2
-2,130200,SQUID_INK,1997,24,,,,,2000,25,,,,,1998.5,0.0,-2
-2,130300,SQUID_INK,1997,29,,,,,2000,30,,,,,1998.5,0.0,-2
-2,130400,SQUID_INK,1997,26,,,,,1998,3,2000.0,27.0,,,1997.5,0.0,-2
-2,130500,SQUID_INK,1996,31,,,,,1999,31,,,,,1997.5,0.0,-2
-2,130600,SQUID_INK,1998,1,1996.0,25.0,,,1999,25,,,,,1998.5,0.0,-2
-2,130700,SQUID_INK,1995,25,,,,,1999,25,,,,,1997.0,0.0,-2
-2,130800,SQUID_INK,1994,24,,,,,1996,5,1998.0,24.0,,,1995.0,0.0,-2
-2,130900,SQUID_INK,1996,31,,,,,1999,31,,,,,1997.5,0.0,-2
-2,131000,SQUID_INK,1995,27,,,,,1997,7,1998.0,27.0,,,1996.0,0.0,-2
-2,131100,SQUID_INK,1995,18,,,,,1996,2,1997.0,5.0,1998.0,24.0,1995.5,0.0,-2
-2,131200,SQUID_INK,1995,29,,,,,1999,29,,,,,1997.0,0.0,-2
-2,131300,SQUID_INK,1996,27,,,,,1999,27,,,,,1997.5,0.0,-2
-2,131400,SQUID_INK,1998,30,,,,,2001,30,,,,,1999.5,0.0,-2
-2,131500,SQUID_INK,1997,22,,,,,2001,22,,,,,1999.0,0.0,-2
-2,131600,SQUID_INK,1998,20,,,,,2000,5,2001.0,20.0,,,1999.0,0.0,-2
-2,131700,SQUID_INK,1997,24,,,,,2000,24,,,,,1998.5,0.0,-2
-2,131800,SQUID_INK,1997,30,,,,,2000,30,,,,,1998.5,0.0,-2
-2,131900,SQUID_INK,1997,23,,,,,2000,23,,,,,1998.5,0.0,-2
-2,132000,SQUID_INK,1997,2,1996.0,23.0,,,2000,25,,,,,1998.5,0.0,-2
-2,132100,SQUID_INK,1996,29,,,,,1997,6,2000.0,30.0,,,1996.5,0.0,-2
-2,132200,SQUID_INK,1997,2,1996.0,20.0,,,2000,22,,,,,1998.5,0.0,-2
-2,132300,SQUID_INK,1998,4,1997.0,27.0,,,2001,27,,,,,1999.5,0.0,-2
-2,132400,SQUID_INK,1997,25,,,,,2001,25,,,,,1999.0,0.0,-2
-2,132500,SQUID_INK,1998,31,,,,,2001,31,,,,,1999.5,0.0,-2
-2,132600,SQUID_INK,1997,25,,,,,1999,7,2000.0,25.0,,,1998.0,0.0,-2
-2,132700,SQUID_INK,1998,24,,,,,1999,3,2001.0,24.0,,,1998.5,0.0,-2
-2,132800,SQUID_INK,1998,22,,,,,2001,22,,,,,1999.5,0.0,-2
-2,132900,SQUID_INK,1997,26,,,,,2001,26,,,,,1999.0,0.0,-2
-2,133000,SQUID_INK,1998,1,1997.0,21.0,,,2001,22,,,,,1999.5,0.0,-2
-2,133100,SQUID_INK,1997,30,,,,,2001,30,,,,,1999.0,0.0,-2
-2,133200,SQUID_INK,1997,26,,,,,2000,26,,,,,1998.5,0.0,-2
-2,133300,SQUID_INK,1997,25,,,,,1999,5,2000.0,25.0,,,1998.0,0.0,-2
-2,133400,SQUID_INK,1997,22,,,,,2000,22,,,,,1998.5,0.0,-2
-2,133500,SQUID_INK,1996,20,,,,,2000,20,,,,,1998.0,0.0,-2
-2,133600,SQUID_INK,1997,31,,,,,2000,26,,,,,1998.5,0.0,-2
-2,133700,SQUID_INK,1997,29,,,,,2000,29,,,,,1998.5,0.0,-2
-2,133800,SQUID_INK,1997,26,,,,,2000,26,,,,,1998.5,0.0,-2
-2,133900,SQUID_INK,1997,27,,,,,2000,27,,,,,1998.5,0.0,-2
-2,134000,SQUID_INK,1997,29,,,,,2000,29,,,,,1998.5,0.0,-2
-2,134100,SQUID_INK,1998,9,1996.0,29.0,,,1999,29,,,,,1998.5,0.0,-2
-2,134200,SQUID_INK,1994,26,,,,,1995,1,1998.0,27.0,,,1994.5,0.0,-2
-2,134300,SQUID_INK,1998,1,1996.0,27.0,,,1999,27,,,,,1998.5,0.0,-2
-2,134400,SQUID_INK,1995,26,,,,,1999,26,,,,,1997.0,0.0,-2
-2,134500,SQUID_INK,1994,26,,,,,1998,26,,,,,1996.0,0.0,-2
-2,134600,SQUID_INK,1993,26,,,,,1997,26,,,,,1995.0,0.0,-2
-2,134700,SQUID_INK,1994,5,1993.0,31.0,,,1996,1,1997.0,30.0,,,1995.0,0.0,-2
-2,134800,SQUID_INK,1993,23,,,,,1995,8,1996.0,23.0,,,1994.0,0.0,-2
-2,134900,SQUID_INK,1993,29,,,,,1996,29,,,,,1994.5,0.0,-2
-2,135000,SQUID_INK,1991,22,,,,,1994,22,,,,,1992.5,0.0,-2
-2,135100,SQUID_INK,1991,26,,,,,1994,26,,,,,1992.5,0.0,-2
-2,135200,SQUID_INK,1990,23,,,,,1993,23,,,,,1991.5,0.0,-2
-2,135300,SQUID_INK,1987,25,,,,,1990,26,,,,,1988.5,0.0,-2
-2,135400,SQUID_INK,1985,21,,,,,1989,21,,,,,1987.0,0.0,-2
-2,135500,SQUID_INK,1984,25,,,,,1987,25,,,,,1985.5,0.0,-2
-2,135600,SQUID_INK,1985,24,,,,,1988,25,,,,,1986.5,0.0,-2
-2,135700,SQUID_INK,1985,26,,,,,1987,1,1989.0,26.0,,,1986.0,0.0,-2
-2,135800,SQUID_INK,1987,26,,,,,1991,26,,,,,1989.0,0.0,-2
-2,135900,SQUID_INK,1988,24,,,,,1991,1,1992.0,23.0,,,1989.5,0.0,-2
-2,136000,SQUID_INK,1989,29,,,,,1991,3,1993.0,29.0,,,1990.0,0.0,-2
-2,136100,SQUID_INK,1989,28,,,,,1991,4,1993.0,28.0,,,1990.0,0.0,-2
-2,136200,SQUID_INK,1988,20,,,,,1992,20,,,,,1990.0,0.0,-2
-2,136300,SQUID_INK,1987,27,,,,,1990,25,,,,,1988.5,0.0,-2
-2,136400,SQUID_INK,1988,8,1987.0,25.0,,,1991,25,,,,,1989.5,0.0,-2
-2,136500,SQUID_INK,1986,25,,,,,1989,26,,,,,1987.5,0.0,-2
-2,136600,SQUID_INK,1985,29,,,,,1988,29,,,,,1986.5,0.0,-2
-2,136700,SQUID_INK,1987,29,,,,,1990,29,,,,,1988.5,0.0,-2
-2,136800,SQUID_INK,1987,23,,,,,1989,8,1991.0,23.0,,,1988.0,0.0,-2
-2,136900,SQUID_INK,1987,2,1986.0,26.0,,,1990,26,,,,,1988.5,0.0,-2
-2,137000,SQUID_INK,1985,28,,,,,1988,28,,,,,1986.5,0.0,-2
-2,137100,SQUID_INK,1986,31,,,,,1988,5,1989.0,31.0,,,1987.0,0.0,-2
-2,137200,SQUID_INK,1986,22,,,,,1987,3,1988.0,3.0,1989.0,22.0,1986.5,0.0,-2
-2,137300,SQUID_INK,1988,2,1986.0,31.0,,,1990,31,,,,,1989.0,0.0,-2
-2,137400,SQUID_INK,1986,24,,,,,1990,24,,,,,1988.0,0.0,-2
-2,137500,SQUID_INK,1989,1,1987.0,25.0,,,1990,25,,,,,1989.5,0.0,-2
-2,137600,SQUID_INK,1986,25,,,,,1989,25,,,,,1987.5,0.0,-2
-2,137700,SQUID_INK,1986,29,,,,,1989,29,,,,,1987.5,0.0,-2
-2,137800,SQUID_INK,1985,30,,,,,1988,30,,,,,1986.5,0.0,-2
-2,137900,SQUID_INK,1985,27,,,,,1988,27,,,,,1986.5,0.0,-2
-2,138000,SQUID_INK,1985,26,,,,,1988,26,,,,,1986.5,0.0,-2
-2,138100,SQUID_INK,1985,32,,,,,1989,32,,,,,1987.0,0.0,-2
-2,138200,SQUID_INK,1986,31,,,,,1989,31,,,,,1987.5,0.0,-2
-2,138300,SQUID_INK,1989,1,1987.0,32.0,,,1990,32,,,,,1989.5,0.0,-2
-2,138400,SQUID_INK,1986,25,,,,,1989,25,,,,,1987.5,0.0,-2
-2,138500,SQUID_INK,1986,31,,,,,1988,6,1989.0,31.0,,,1987.0,0.0,-2
-2,138600,SQUID_INK,1987,24,,,,,1989,2,1990.0,24.0,,,1988.0,0.0,-2
-2,138700,SQUID_INK,1986,22,,,,,1988,3,1990.0,22.0,,,1987.0,0.0,-2
-2,138800,SQUID_INK,1989,1,1987.0,5.0,1986.0,29.0,1990,31,,,,,1989.5,0.0,-2
-2,138900,SQUID_INK,1986,22,,,,,1989,22,,,,,1987.5,0.0,-2
-2,139000,SQUID_INK,1988,1,1986.0,24.0,,,1989,20,,,,,1988.5,0.0,-2
-2,139100,SQUID_INK,1985,24,,,,,1988,24,,,,,1986.5,0.0,-2
-2,139200,SQUID_INK,1985,26,,,,,1987,5,1988.0,26.0,,,1986.0,0.0,-2
-2,139300,SQUID_INK,1984,30,,,,,1988,30,,,,,1986.0,0.0,-2
-2,139400,SQUID_INK,1985,22,,,,,1989,22,,,,,1987.0,0.0,-2
-2,139500,SQUID_INK,1987,1,1986.0,5.0,1985.0,21.0,1989,21,,,,,1988.0,0.0,-2
-2,139600,SQUID_INK,1986,23,,,,,1989,23,,,,,1987.5,0.0,-2
-2,139700,SQUID_INK,1986,30,,,,,1989,30,,,,,1987.5,0.0,-2
-2,139800,SQUID_INK,1988,8,1987.0,27.0,,,1990,1,1991.0,26.0,,,1989.0,0.0,-2
-2,139900,SQUID_INK,1987,25,,,,,1991,25,,,,,1989.0,0.0,-2
-2,140000,SQUID_INK,1987,26,,,,,1991,26,,,,,1989.0,0.0,-2
-2,140100,SQUID_INK,1986,28,,,,,1989,28,,,,,1987.5,0.0,-2
-2,140200,SQUID_INK,1987,23,,,,,1990,23,,,,,1988.5,0.0,-2
-2,140300,SQUID_INK,1987,25,,,,,1990,25,,,,,1988.5,0.0,-2
-2,140400,SQUID_INK,1988,29,,,,,1990,4,1992.0,29.0,,,1989.0,0.0,-2
-2,140500,SQUID_INK,1988,28,,,,,1991,1,1992.0,27.0,,,1989.5,0.0,-2
-2,140600,SQUID_INK,1989,30,,,,,1992,30,,,,,1990.5,0.0,-2
-2,140700,SQUID_INK,1991,1,1990.0,4.0,1989.0,29.0,1993,29,,,,,1992.0,0.0,-2
-2,140800,SQUID_INK,1985,32,,,,,1988,29,,,,,1986.5,0.0,-2
-2,140900,SQUID_INK,1984,21,,,,,1987,22,,,,,1985.5,0.0,-2
-2,141000,SQUID_INK,1985,30,,,,,1988,30,,,,,1986.5,0.0,-2
-2,141100,SQUID_INK,1986,2,1985.0,21.0,,,1987,5,1989.0,23.0,,,1986.5,0.0,-2
-2,141200,SQUID_INK,1986,23,,,,,1990,23,,,,,1988.0,0.0,-2
-2,141300,SQUID_INK,1987,27,,,,,1990,27,,,,,1988.5,0.0,-2
-2,141400,SQUID_INK,1985,1,1983.0,31.0,,,1986,25,,,,,1985.5,0.0,-2
-2,141500,SQUID_INK,1983,31,,,,,1985,5,1987.0,31.0,,,1984.0,0.0,-2
-2,141600,SQUID_INK,1986,2,1985.0,28.0,,,1987,6,1988.0,28.0,,,1986.5,0.0,-2
-2,141700,SQUID_INK,1984,10,1982.0,32.0,,,1985,2,1986.0,30.0,,,1984.5,0.0,-2
-2,141800,SQUID_INK,1984,7,1983.0,31.0,,,1987,31,,,,,1985.5,0.0,-2
-2,141900,SQUID_INK,1983,22,,,,,1987,22,,,,,1985.0,0.0,-2
-2,142000,SQUID_INK,1985,21,,,,,1988,21,,,,,1986.5,0.0,-2
-2,142100,SQUID_INK,1988,21,,,,,1990,1,1991.0,21.0,,,1989.0,0.0,-2
-2,142200,SQUID_INK,1988,36,,,,,1991,28,,,,,1989.5,0.0,-2
-2,142300,SQUID_INK,1987,26,,,,,1991,26,,,,,1989.0,0.0,-2
-2,142400,SQUID_INK,1986,32,,,,,1989,32,,,,,1987.5,0.0,-2
-2,142500,SQUID_INK,1984,23,,,,,1987,23,,,,,1985.5,0.0,-2
-2,142600,SQUID_INK,1983,25,,,,,1986,25,,,,,1984.5,0.0,-2
-2,142700,SQUID_INK,1983,27,,,,,1986,27,,,,,1984.5,0.0,-2
-2,142800,SQUID_INK,1985,1,1984.0,4.0,1983.0,30.0,1986,29,,,,,1985.5,0.0,-2
-2,142900,SQUID_INK,1983,21,,,,,1986,20,,,,,1984.5,0.0,-2
-2,143000,SQUID_INK,1985,1,1984.0,23.0,,,1988,24,,,,,1986.5,0.0,-2
-2,143100,SQUID_INK,1985,28,,,,,1988,28,,,,,1986.5,0.0,-2
-2,143200,SQUID_INK,1983,26,,,,,1987,26,,,,,1985.0,0.0,-2
-2,143300,SQUID_INK,1986,24,,,,,1989,25,,,,,1987.5,0.0,-2
-2,143400,SQUID_INK,1989,4,1988.0,31.0,,,1992,31,,,,,1990.5,0.0,-2
-2,143500,SQUID_INK,1989,29,,,,,1992,24,,,,,1990.5,0.0,-2
-2,143600,SQUID_INK,1989,29,,,,,1990,4,1993.0,29.0,,,1989.5,0.0,-2
-2,143700,SQUID_INK,1988,30,,,,,1992,30,,,,,1990.0,0.0,-2
-2,143800,SQUID_INK,1987,27,,,,,1989,6,1990.0,27.0,,,1988.0,0.0,-2
-2,143900,SQUID_INK,1985,1,1983.0,23.0,,,1986,23,,,,,1985.5,0.0,-2
-2,144000,SQUID_INK,1979,20,,,,,1983,20,,,,,1981.0,0.0,-2
-2,144100,SQUID_INK,1979,29,,,,,1981,4,1982.0,29.0,,,1980.0,0.0,-2
-2,144200,SQUID_INK,1979,3,1978.0,30.0,,,1982,31,,,,,1980.5,0.0,-2
-2,144300,SQUID_INK,1979,2,1978.0,26.0,,,1980,4,1982.0,28.0,,,1979.5,0.0,-2
-2,144400,SQUID_INK,1981,32,,,,,1984,29,,,,,1982.5,0.0,-2
-2,144500,SQUID_INK,1981,29,,,,,1983,2,1984.0,29.0,,,1982.0,0.0,-2
-2,144600,SQUID_INK,1982,25,,,,,1985,25,,,,,1983.5,0.0,-2
-2,144700,SQUID_INK,1982,21,,,,,1984,3,1985.0,21.0,,,1983.0,0.0,-2
-2,144800,SQUID_INK,1982,31,,,,,1984,6,1986.0,31.0,,,1983.0,0.0,-2
-2,144900,SQUID_INK,1984,28,,,,,1988,28,,,,,1986.0,0.0,-2
-2,145000,SQUID_INK,1984,22,,,,,1988,22,,,,,1986.0,0.0,-2
-2,145100,SQUID_INK,1985,26,,,,,1988,26,,,,,1986.5,0.0,-2
-2,145200,SQUID_INK,1984,26,,,,,1987,26,,,,,1985.5,0.0,-2
-2,145300,SQUID_INK,1984,23,,,,,1986,6,1987.0,1.0,1988.0,22.0,1985.0,0.0,-2
-2,145400,SQUID_INK,1984,29,,,,,1986,2,1988.0,29.0,,,1985.0,0.0,-2
-2,145500,SQUID_INK,1984,31,,,,,1987,1,1988.0,30.0,,,1985.5,0.0,-2
-2,145600,SQUID_INK,1987,28,,,,,1990,28,,,,,1988.5,0.0,-2
-2,145700,SQUID_INK,1981,25,,,,,1984,22,,,,,1982.5,0.0,-2
-2,145800,SQUID_INK,1979,1,1977.0,23.0,,,1980,23,,,,,1979.5,0.0,-2
-2,145900,SQUID_INK,1973,1,1971.0,24.0,,,1974,24,,,,,1973.5,0.0,-2
-2,146000,SQUID_INK,1970,1,1968.0,22.0,,,1971,22,,,,,1970.5,0.0,-2
-2,146100,SQUID_INK,1968,30,,,,,1971,30,,,,,1969.5,0.0,-2
-2,146200,SQUID_INK,1964,29,,,,,1966,5,1967.0,29.0,,,1965.0,0.0,-2
-2,146300,SQUID_INK,1964,23,,,,,1967,23,,,,,1965.5,0.0,-2
-2,146400,SQUID_INK,1965,24,,,,,1966,4,1968.0,24.0,,,1965.5,0.0,-2
-2,146500,SQUID_INK,1967,25,,,,,1971,25,,,,,1969.0,0.0,-2
-2,146600,SQUID_INK,1968,27,,,,,1970,6,1971.0,27.0,,,1969.0,0.0,-2
-2,146700,SQUID_INK,1969,22,,,,,1971,3,1973.0,22.0,,,1970.0,0.0,-2
-2,146800,SQUID_INK,1971,1,1969.0,23.0,,,1972,23,,,,,1971.5,0.0,-2
-2,146900,SQUID_INK,1969,26,,,,,1970,4,1973.0,26.0,,,1969.5,0.0,-2
-2,147000,SQUID_INK,1968,26,,,,,1972,26,,,,,1970.0,0.0,-2
-2,147100,SQUID_INK,1968,25,,,,,1969,4,1970.0,8.0,1971.0,25.0,1968.5,0.0,-2
-2,147200,SQUID_INK,1966,22,,,,,1970,22,,,,,1968.0,0.0,-2
-2,147300,SQUID_INK,1970,30,,,,,1973,31,,,,,1971.5,0.0,-2
-2,147400,SQUID_INK,1972,30,,,,,1975,30,,,,,1973.5,0.0,-2
-2,147500,SQUID_INK,1974,1,1973.0,22.0,,,1977,23,,,,,1975.5,0.0,-2
-2,147600,SQUID_INK,1976,28,,,,,1980,28,,,,,1978.0,0.0,-2
-2,147700,SQUID_INK,1977,22,,,,,1981,22,,,,,1979.0,0.0,-2
-2,147800,SQUID_INK,1979,1,1977.0,6.0,1976.0,27.0,1980,29,,,,,1979.5,0.0,-2
-2,147900,SQUID_INK,1976,26,,,,,1980,26,,,,,1978.0,0.0,-2
-2,148000,SQUID_INK,1978,2,1977.0,27.0,,,1979,5,1980.0,27.0,,,1978.5,0.0,-2
-2,148100,SQUID_INK,1977,24,,,,,1980,27,,,,,1978.5,0.0,-2
-2,148200,SQUID_INK,1980,1,1978.0,23.0,,,1981,23,,,,,1980.5,0.0,-2
-2,148300,SQUID_INK,1978,13,,,,,1980,6,1981.0,23.0,,,1979.0,0.0,-2
-2,148400,SQUID_INK,1978,3,1977.0,26.0,,,1980,26,,,,,1979.0,0.0,-2
-2,148500,SQUID_INK,1979,1,1977.0,20.0,,,1980,20,,,,,1979.5,0.0,-2
-2,148600,SQUID_INK,1979,21,,,,,1982,21,,,,,1980.5,0.0,-2
-2,148700,SQUID_INK,1981,1,1980.0,27.0,,,1984,27,,,,,1982.5,0.0,-2
-2,148800,SQUID_INK,1980,25,,,,,1983,25,,,,,1981.5,0.0,-2
-2,148900,SQUID_INK,1981,4,1980.0,23.0,,,1982,7,1983.0,1.0,1984.0,22.0,1981.5,0.0,-2
-2,149000,SQUID_INK,1979,25,,,,,1983,27,,,,,1981.0,0.0,-2
-2,149100,SQUID_INK,1980,26,,,,,1983,26,,,,,1981.5,0.0,-2
-2,149200,SQUID_INK,1979,32,,,,,1982,30,,,,,1980.5,0.0,-2
-2,149300,SQUID_INK,1980,23,,,,,1983,1,1984.0,22.0,,,1981.5,0.0,-2
-2,149400,SQUID_INK,1979,28,,,,,1980,3,1981.0,7.0,1982.0,28.0,1979.5,0.0,-2
-2,149500,SQUID_INK,1978,21,,,,,1980,7,1982.0,21.0,,,1979.0,0.0,-2
-2,149600,SQUID_INK,1980,28,,,,,1981,3,1984.0,28.0,,,1980.5,0.0,-2
-2,149700,SQUID_INK,1980,24,,,,,1983,24,,,,,1981.5,0.0,-2
-2,149800,SQUID_INK,1978,30,,,,,1982,30,,,,,1980.0,0.0,-2
-2,149900,SQUID_INK,1980,30,,,,,1982,1,1983.0,30.0,,,1981.0,0.0,-2
-2,150000,SQUID_INK,1980,29,,,,,1982,7,1983.0,2.0,1984.0,27.0,1981.0,0.0,-2
-2,150100,SQUID_INK,1980,2,1979.0,25.0,,,1981,2,1983.0,27.0,,,1980.5,0.0,-2
-2,150200,SQUID_INK,1980,30,,,,,1982,2,1983.0,30.0,,,1981.0,0.0,-2
-2,150300,SQUID_INK,1980,31,,,,,1982,8,1983.0,31.0,,,1981.0,0.0,-2
-2,150400,SQUID_INK,1980,21,,,,,1984,21,,,,,1982.0,0.0,-2
-2,150500,SQUID_INK,1981,1,1979.0,31.0,,,1982,31,,,,,1981.5,0.0,-2
-2,150600,SQUID_INK,1977,23,,,,,1981,23,,,,,1979.0,0.0,-2
-2,150700,SQUID_INK,1979,32,,,,,1982,26,,,,,1980.5,0.0,-2
-2,150800,SQUID_INK,1978,27,,,,,1980,6,1982.0,27.0,,,1979.0,0.0,-2
-2,150900,SQUID_INK,1978,30,,,,,1981,30,,,,,1979.5,0.0,-2
-2,151000,SQUID_INK,1978,23,,,,,1981,23,,,,,1979.5,0.0,-2
-2,151100,SQUID_INK,1978,4,1977.0,30.0,,,1981,30,,,,,1979.5,0.0,-2
-2,151200,SQUID_INK,1977,22,,,,,1980,22,,,,,1978.5,0.0,-2
-2,151300,SQUID_INK,1976,23,,,,,1977,2,1979.0,23.0,,,1976.5,0.0,-2
-2,151400,SQUID_INK,1976,20,,,,,1979,1,1980.0,20.0,,,1977.5,0.0,-2
-2,151500,SQUID_INK,1977,1,1976.0,30.0,,,1978,5,1980.0,31.0,,,1977.5,0.0,-2
-2,151600,SQUID_INK,1979,3,1977.0,26.0,,,1981,26,,,,,1980.0,0.0,-2
-2,151700,SQUID_INK,1977,1,1976.0,28.0,,,1980,29,,,,,1978.5,0.0,-2
-2,151800,SQUID_INK,1977,27,,,,,1980,27,,,,,1978.5,0.0,-2
-2,151900,SQUID_INK,1976,30,,,,,1980,31,,,,,1978.0,0.0,-2
-2,152000,SQUID_INK,1980,1,1978.0,26.0,,,1981,26,,,,,1980.5,0.0,-2
-2,152100,SQUID_INK,1977,32,,,,,1981,32,,,,,1979.0,0.0,-2
-2,152200,SQUID_INK,1975,23,,,,,1978,23,,,,,1976.5,0.0,-2
-2,152300,SQUID_INK,1975,31,,,,,1978,32,,,,,1976.5,0.0,-2
-2,152400,SQUID_INK,1974,30,,,,,1975,2,1976.0,5.0,1977.0,2.0,1974.5,0.0,-2
-2,152500,SQUID_INK,1976,32,,,,,1979,32,,,,,1977.5,0.0,-2
-2,152600,SQUID_INK,1976,27,,,,,1979,1,1980.0,26.0,,,1977.5,0.0,-2
-2,152700,SQUID_INK,1977,5,1976.0,28.0,,,1979,2,1980.0,26.0,,,1978.0,0.0,-2
-2,152800,SQUID_INK,1978,3,1976.0,23.0,,,1979,23,,,,,1978.5,0.0,-2
-2,152900,SQUID_INK,1976,23,,,,,1979,23,,,,,1977.5,0.0,-2
-2,153000,SQUID_INK,1978,25,,,,,1981,25,,,,,1979.5,0.0,-2
-2,153100,SQUID_INK,1978,37,,,,,1981,30,,,,,1979.5,0.0,-2
-2,153200,SQUID_INK,1979,22,,,,,1982,22,,,,,1980.5,0.0,-2
-2,153300,SQUID_INK,1979,29,,,,,1982,29,,,,,1980.5,0.0,-2
-2,153400,SQUID_INK,1977,27,,,,,1978,2,1979.0,4.0,1980.0,27.0,1977.5,0.0,-2
-2,153500,SQUID_INK,1976,28,,,,,1979,28,,,,,1977.5,0.0,-2
-2,153600,SQUID_INK,1977,6,1976.0,21.0,,,1979,1,1980.0,20.0,,,1978.0,0.0,-2
-2,153700,SQUID_INK,1975,32,,,,,1977,3,1979.0,32.0,,,1976.0,0.0,-2
-2,153800,SQUID_INK,1980,1,1978.0,26.0,,,1981,26,,,,,1980.5,0.0,-2
-2,153900,SQUID_INK,1977,20,,,,,1981,21,,,,,1979.0,0.0,-2
-2,154000,SQUID_INK,1976,22,,,,,1977,10,1979.0,22.0,,,1976.5,0.0,-2
-2,154100,SQUID_INK,1976,23,,,,,1980,23,,,,,1978.0,0.0,-2
-2,154200,SQUID_INK,1976,29,,,,,1978,4,1979.0,29.0,,,1977.0,0.0,-2
-2,154300,SQUID_INK,1976,26,,,,,1979,24,,,,,1977.5,0.0,-2
-2,154400,SQUID_INK,1976,25,,,,,1980,25,,,,,1978.0,0.0,-2
-2,154500,SQUID_INK,1978,6,1976.0,35.0,,,1979,31,,,,,1978.5,0.0,-2
-2,154600,SQUID_INK,1976,2,1975.0,25.0,,,1979,27,,,,,1977.5,0.0,-2
-2,154700,SQUID_INK,1975,23,,,,,1976,1,1977.0,7.0,1979.0,23.0,1975.5,0.0,-2
-2,154800,SQUID_INK,1977,28,,,,,1979,3,1981.0,29.0,,,1978.0,0.0,-2
-2,154900,SQUID_INK,1979,4,1978.0,31.0,,,1981,31,,,,,1980.0,0.0,-2
-2,155000,SQUID_INK,1979,1,1978.0,31.0,,,1982,31,,,,,1980.5,0.0,-2
-2,155100,SQUID_INK,1976,22,,,,,1979,22,,,,,1977.5,0.0,-2
-2,155200,SQUID_INK,1978,24,,,,,1980,7,1981.0,24.0,,,1979.0,0.0,-2
-2,155300,SQUID_INK,1978,2,1977.0,23.0,,,1981,25,,,,,1979.5,0.0,-2
-2,155400,SQUID_INK,1977,23,,,,,1980,23,,,,,1978.5,0.0,-2
-2,155500,SQUID_INK,1977,22,,,,,1981,22,,,,,1979.0,0.0,-2
-2,155600,SQUID_INK,1980,2,1979.0,30.0,,,1983,32,,,,,1981.5,0.0,-2
-2,155700,SQUID_INK,1980,22,,,,,1983,22,,,,,1981.5,0.0,-2
-2,155800,SQUID_INK,1981,22,,,,,1984,22,,,,,1982.5,0.0,-2
-2,155900,SQUID_INK,1980,10,1979.0,27.0,,,1983,29,,,,,1981.5,0.0,-2
-2,156000,SQUID_INK,1980,1,1979.0,27.0,,,1983,28,,,,,1981.5,0.0,-2
-2,156100,SQUID_INK,1982,8,1980.0,24.0,,,1983,24,,,,,1982.5,0.0,-2
-2,156200,SQUID_INK,1978,24,,,,,1979,4,1982.0,25.0,,,1978.5,0.0,-2
-2,156300,SQUID_INK,1979,1,1978.0,25.0,,,1982,26,,,,,1980.5,0.0,-2
-2,156400,SQUID_INK,1980,2,1979.0,1.0,1978.0,20.0,1982,21,,,,,1981.0,0.0,-2
-2,156500,SQUID_INK,1978,2,1977.0,30.0,,,1979,8,1981.0,32.0,,,1978.5,0.0,-2
-2,156600,SQUID_INK,1978,27,,,,,1981,27,,,,,1979.5,0.0,-2
-2,156700,SQUID_INK,1979,31,,,,,1982,31,,,,,1980.5,0.0,-2
-2,156800,SQUID_INK,1978,24,,,,,1981,24,,,,,1979.5,0.0,-2
-2,156900,SQUID_INK,1977,21,,,,,1980,21,,,,,1978.5,0.0,-2
-2,157000,SQUID_INK,1978,32,,,,,1982,32,,,,,1980.0,0.0,-2
-2,157100,SQUID_INK,1980,7,1979.0,27.0,,,1983,27,,,,,1981.5,0.0,-2
-2,157200,SQUID_INK,1980,23,,,,,1983,23,,,,,1981.5,0.0,-2
-2,157300,SQUID_INK,1980,30,,,,,1984,30,,,,,1982.0,0.0,-2
-2,157400,SQUID_INK,1980,27,,,,,1983,27,,,,,1981.5,0.0,-2
-2,157500,SQUID_INK,1980,28,,,,,1984,28,,,,,1982.0,0.0,-2
-2,157600,SQUID_INK,1982,1,1980.0,26.0,,,1983,26,,,,,1982.5,0.0,-2
-2,157700,SQUID_INK,1979,24,,,,,1982,24,,,,,1980.5,0.0,-2
-2,157800,SQUID_INK,1980,4,1979.0,25.0,,,1983,25,,,,,1981.5,0.0,-2
-2,157900,SQUID_INK,1978,27,,,,,1979,5,1981.0,27.0,,,1978.5,0.0,-2
-2,158000,SQUID_INK,1978,25,,,,,1979,1,1980.0,4.0,1982.0,25.0,1978.5,0.0,-2
-2,158100,SQUID_INK,1977,27,,,,,1980,2,1981.0,25.0,,,1978.5,0.0,-2
-2,158200,SQUID_INK,1977,32,,,,,1980,32,,,,,1978.5,0.0,-2
-2,158300,SQUID_INK,1977,28,,,,,1980,22,,,,,1978.5,0.0,-2
-2,158400,SQUID_INK,1975,30,,,,,1977,6,1978.0,30.0,,,1976.0,0.0,-2
-2,158500,SQUID_INK,1975,25,,,,,1977,4,1979.0,26.0,,,1976.0,0.0,-2
-2,158600,SQUID_INK,1975,28,,,,,1977,6,1978.0,28.0,,,1976.0,0.0,-2
-2,158700,SQUID_INK,1975,26,,,,,1978,26,,,,,1976.5,0.0,-2
-2,158800,SQUID_INK,1976,22,,,,,1979,22,,,,,1977.5,0.0,-2
-2,158900,SQUID_INK,1974,21,,,,,1978,21,,,,,1976.0,0.0,-2
-2,159000,SQUID_INK,1975,32,,,,,1979,32,,,,,1977.0,0.0,-2
-2,159100,SQUID_INK,1975,24,,,,,1978,24,,,,,1976.5,0.0,-2
-2,159200,SQUID_INK,1974,22,,,,,1978,22,,,,,1976.0,0.0,-2
-2,159300,SQUID_INK,1974,30,,,,,1977,24,,,,,1975.5,0.0,-2
-2,159400,SQUID_INK,1973,21,,,,,1975,6,1977.0,21.0,,,1974.0,0.0,-2
-2,159500,SQUID_INK,1973,25,,,,,1976,26,,,,,1974.5,0.0,-2
-2,159600,SQUID_INK,1974,20,,,,,1976,1,1978.0,20.0,,,1975.0,0.0,-2
-2,159700,SQUID_INK,1972,26,,,,,1976,26,,,,,1974.0,0.0,-2
-2,159800,SQUID_INK,1972,23,,,,,1976,23,,,,,1974.0,0.0,-2
-2,159900,SQUID_INK,1972,30,,,,,1975,2,1976.0,28.0,,,1973.5,0.0,-2
-2,160000,SQUID_INK,1972,1,1971.0,26.0,,,1975,26,,,,,1973.5,0.0,-2
-2,160100,SQUID_INK,1971,25,,,,,1974,2,1975.0,23.0,,,1972.5,0.0,-2
-2,160200,SQUID_INK,1970,27,,,,,1973,1,1974.0,27.0,,,1971.5,0.0,-2
-2,160300,SQUID_INK,1973,1,1971.0,30.0,,,1974,30,,,,,1973.5,0.0,-2
-2,160400,SQUID_INK,1973,3,1972.0,30.0,,,1976,30,,,,,1974.5,0.0,-2
-2,160500,SQUID_INK,1972,20,,,,,1976,20,,,,,1974.0,0.0,-2
-2,160600,SQUID_INK,1974,3,1973.0,26.0,,,1976,26,,,,,1975.0,0.0,-2
-2,160700,SQUID_INK,1975,26,,,,,1976,6,1978.0,27.0,,,1975.5,0.0,-2
-2,160800,SQUID_INK,1975,27,,,,,1979,27,,,,,1977.0,0.0,-2
-2,160900,SQUID_INK,1976,27,,,,,1979,27,,,,,1977.5,0.0,-2
-2,161000,SQUID_INK,1976,26,,,,,1980,26,,,,,1978.0,0.0,-2
