day_label,timestamp,mid_price,bid_price_1,ask_price_1,bid_ask_spread,rolling_volatility,momentum,step_change
-2,0,2000.0,1998,2002,4,,,
-2,100,2000.0,1999,2001,2,0.0,,0.0
-2,200,1998.5,1997,2000,3,0.8660254037844386,,1.5
-2,300,1998.5,1997,2000,3,0.8660254037844386,-1.5,0.0
-2,400,1998.0,1996,2000,4,0.9354143466934853,-2.0,0.5
-2,500,1999.5,1999,2000,1,0.8215838362577388,1.0,1.5
-2,600,1999.0,1997,2001,4,0.5700877125495777,0.5,0.5
-2,700,2000.5,1999,2002,3,0.9617692030835916,2.5,1.5
-2,800,2002.5,2002,2003,1,1.710263137648704,3.0,2.0
-2,900,2000.0,1999,2001,2,1.3509256086106043,1.0,2.5
-2,1000,2000.0,1999,2001,2,1.294217910554461,-0.5,0.0
-2,1100,2000.0,1999,2001,2,1.0839741694338927,-2.5,0.0
-2,1200,2000.0,1998,2002,4,1.1180339887498503,0.0,0.0
-2,1300,2000.0,1999,2001,2,0.0,0.0,0.0
-2,1400,1997.0,1996,1998,2,1.341640786499862,-3.0,3.0
-2,1500,1998.5,1997,2000,3,1.341640786499862,-1.5,1.5
-2,1600,1999.0,1997,2001,4,1.2449899597988492,-1.0,0.5
-2,1700,1999.0,1998,2000,2,1.0954451150103173,2.0,0.0
-2,1800,1998.0,1997,1999,2,0.8366600265340645,-0.5,1.0
-2,1900,2001.5,2001,2002,1,1.3509256086106176,2.5,3.5
-2,2000,2000.0,1999,2001,2,1.3228756555322791,1.0,1.5
-2,2100,2001.5,2001,2002,1,1.5411035007422302,3.5,1.5
-2,2200,2000.5,1999,2002,3,1.4404860290887795,-1.0,1.0
-2,2300,1999.5,1998,2001,3,0.8944271909998944,-0.5,1.0
-2,2400,2000.5,1999,2002,3,0.7416198487095212,-1.0,1.0
-2,2500,2001.0,1999,2003,4,0.7416198487095212,0.5,0.5
-2,2600,2001.5,2000,2003,3,0.7416198487095212,2.0,0.5
-2,2700,2001.0,2000,2002,2,0.75828754440511,0.5,0.5
-2,2800,2001.5,2000,2003,3,0.41833001326694946,0.5,0.5
-2,2900,2002.5,2001,2004,3,0.6123724356957481,1.0,1.0
-2,3000,2002.5,2001,2004,3,0.670820393249902,1.5,0.0
-2,3100,2002.5,2002,2003,1,0.7071067811865174,1.0,0.0
-2,3200,2000.5,1999,2002,3,0.8944271909999143,-2.0,2.0
-2,3300,2000.5,1999,2002,3,1.0954451150103335,-2.0,0.0
-2,3400,2001.5,2000,2003,3,1.000000000000007,-1.0,1.0
-2,3500,2001.5,2001,2002,1,0.8366600265340858,1.0,0.0
-2,3600,2002.0,2000,2004,4,0.6708203932499285,1.5,0.5
-2,3700,2001.5,2000,2003,3,0.5477225575051441,0.0,0.5
-2,3800,2002.5,2001,2004,3,0.44721359549991346,1.0,1.0
-2,3900,2000.0,1999,2001,2,0.9354143466934663,-2.0,2.5
-2,4000,2001.5,2000,2003,3,0.9354143466934663,0.0,1.5
-2,4100,2000.0,1999,2001,2,1.0839741694339091,-2.5,1.5
-2,4200,2000.5,1999,2002,3,1.0839741694339091,0.5,0.5
-2,4300,2000.5,1999,2002,3,0.6123724356957772,-1.0,0.0
-2,4400,1999.0,1998,2000,2,0.9082951062292256,-1.0,1.5
-2,4500,1999.5,1998,2001,3,0.65192024052023,-1.0,0.5
-2,4600,2000.0,1998,2002,4,0.65192024052023,-0.5,0.5
-2,4700,1997.5,1996,1999,3,1.1510864433221104,-1.5,2.5
-2,4800,1999.5,1998,2001,3,0.9617692030835362,0.0,2.0
-2,4900,1998.5,1997,2000,3,0.9999999999999716,-1.5,1.0
-2,5000,1997.5,1997,1998,1,1.1401754250990994,0.0,1.0
-2,5100,1999.0,1997,2001,4,0.8944271909998348,-0.5,1.5
-2,5200,1999.5,1998,2001,3,0.8366600265339795,1.0,0.5
-2,5300,1999.5,1998,2001,3,0.8366600265339795,2.0,0.0
-2,5400,2000.5,1999,2002,3,1.0954451150102524,1.5,1.0
-2,5500,2001.5,2001,2002,1,0.9999999999999005,2.0,1.0
-2,5600,2001.0,2000,2002,2,0.8944271909997952,1.5,0.5
-2,5700,1997.5,1997,1998,1,1.5811388300841134,-3.0,3.5
-2,5800,1997.5,1996,1999,3,1.9493588689617154,-4.0,0.0
-2,5900,1997.0,1995,1999,4,2.1621748310439024,-4.0,0.5
-2,6000,1996.5,1995,1998,3,1.7818529681205015,-1.0,0.5
-2,6100,1997.0,1995,1999,4,0.41833001326694946,-0.5,0.5
-2,6200,1997.5,1996,1999,3,0.41833001326694946,0.5,0.5
-2,6300,1999.0,1997,2001,4,0.9617692030834992,2.5,1.5
-2,6400,1999.5,1999,2000,1,1.294217910554406,2.5,0.5
-2,6500,2001.5,2000,2003,3,1.7818529681204616,4.0,2.0
-2,6600,2001.0,1999,2003,4,1.6046806535880047,2.0,0.5
-2,6700,2002.5,2001,2004,3,1.4404860290886439,3.0,1.5
-2,6800,2003.5,2002,2005,3,1.5165750888101779,2.0,1.0
-2,6900,2002.5,2001,2004,3,0.9746794344807193,1.5,1.0
-2,7000,2000.0,1999,2001,2,1.3874436925510523,-2.5,2.5
-2,7100,1999.5,1999,2000,1,1.7464249196571875,-4.0,0.5
-2,7200,2001.5,2000,2003,3,1.673320053068027,-1.0,2.0
-2,7300,2001.5,2000,2003,3,1.224744871391444,1.5,0.0
-2,7400,2004.0,2003,2005,2,1.753567791674928,4.5,2.5
-2,7500,2004.5,2003,2006,3,2.049390153191839,3.0,0.5
-2,7600,2004.5,2003,2006,3,1.5652475842497289,3.0,0.0
-2,7700,2003.5,2002,2005,3,1.2449899597987066,-0.5,1.0
-2,7800,2005.0,2004,2006,2,0.5700877125492662,0.5,1.5
-2,7900,2005.5,2004,2007,3,0.7416198487093536,1.0,0.5
-2,8000,2004.5,2003,2006,3,0.7416198487093536,1.0,1.0
-2,8100,2003.5,2002,2005,3,0.8944271909997554,-1.5,1.0
-2,8200,2003.0,2002,2004,2,1.0368220676662263,-2.5,0.5
-2,8300,2003.0,2002,2004,2,1.0839741694337945,-1.5,0.0
-2,8400,2003.5,2002,2005,3,0.6123724356955741,0.0,0.5
-2,8500,2002.5,2002,2003,1,0.41833001326669467,-0.5,1.0
-2,8600,2004.5,2003,2006,3,0.7582875444049695,1.5,2.0
-2,8700,2005.0,2004,2006,2,1.0368220676662434,1.5,0.5
-2,8800,2004.5,2004,2005,1,0.9999999999998472,2.0,0.5
-2,8900,2003.5,2002,2005,3,0.9999999999998472,-1.0,1.0
-2,9000,2003.0,2002,2004,2,0.8215838362575442,-2.0,0.5
-2,9100,2004.0,2002,2006,4,0.7905694150418746,-0.5,1.0
-2,9200,2003.5,2002,2005,3,0.5700877125492662,0.0,0.5
-2,9300,2005.0,2004,2006,2,0.7582875444049461,2.0,1.5
-2,9400,2003.0,2002,2004,2,0.8366600265338947,-1.0,2.0
-2,9500,2002.5,2001,2004,3,0.9617692030833884,-1.0,0.5
-2,9600,2003.0,2002,2004,2,0.9617692030833884,-2.0,0.5
-2,9700,2002.5,2001,2004,3,1.0368220676662263,-0.5,0.5
-2,9800,2003.5,2002,2005,3,0.4183300132666522,1.0,1.0
-2,9900,2003.0,2002,2004,2,0.4183300132666522,0.0,0.5
-2,10000,2003.5,2002,2005,3,0.4183300132666522,1.0,0.5
-2,10100,2004.5,2003,2006,3,0.7416198487093296,1.0,1.0
-2,10200,2005.0,2003,2007,4,0.821583836257501,2.0,0.5
-2,10300,2006.5,2006,2007,1,1.3693063937627623,3.0,1.5
-2,10400,2005.5,2004,2007,3,1.1180339887497073,1.0,1.0
-2,10500,2006.0,2004,2008,4,0.7905694150418296,1.0,0.5
-2,10600,2005.0,2004,2006,2,0.6519202405199302,-1.5,1.0
-2,10700,2005.5,2004,2007,3,0.5700877125492038,0.0,0.5
-2,10800,2004.5,2003,2006,3,0.5700877125492038,-1.5,1.0
-2,10900,2005.5,2004,2007,3,0.5700877125492038,0.5,1.0
-2,11000,2005.5,2004,2007,3,0.44721359549947654,0.0,0.0
-2,11100,2005.5,2004,2007,3,0.44721359549947654,1.0,0.0
-2,11200,2004.5,2003,2006,3,0.5477225575047548,-1.0,1.0
-2,11300,2004.5,2003,2006,3,0.5477225575047548,-1.0,0.0
-2,11400,2004.0,2002,2006,4,0.6708203932495842,-1.5,0.5
-2,11500,2004.5,2003,2006,3,0.5477225575047224,0.0,0.5
-2,11600,2003.5,2002,2005,3,0.4472135954993971,-1.0,1.0
-2,11700,2004.5,2003,2006,3,0.4472135954993971,0.5,1.0
-2,11800,2005.0,2003,2007,4,0.5700877125491415,0.5,0.5
-2,11900,2005.5,2004,2007,3,0.7416198487092578,2.0,0.5
-2,12000,2004.5,2003,2006,3,0.7416198487092578,0.0,1.0
-2,12100,2004.5,2003,2006,3,0.44721359549947654,-0.5,0.0
-2,12200,2002.5,2001,2004,3,1.1401754250989746,-3.0,2.0
-2,12300,2003.5,2002,2005,3,1.1401754250989746,-1.0,1.0
-2,12400,2002.5,2001,2004,3,0.9999999999997939,-2.0,1.0
-2,12500,2003.5,2002,2005,3,0.836660026533831,1.0,1.0
-2,12600,2002.0,2000,2004,4,0.6708203932496106,-1.5,1.5
-2,12700,2003.5,2002,2005,3,0.707106781186241,1.0,1.5
-2,12800,2003.0,2001,2005,4,0.6519202405199302,-0.5,0.5
-2,12900,2003.5,2003,2004,1,0.6519202405199302,1.5,0.5
-2,13000,2002.5,2002,2003,1,0.6519202405199302,-1.0,1.0
-2,13100,2000.0,1999,2001,2,1.4577379737111666,-3.0,2.5
-2,13200,1997.0,1995,1999,4,2.7064737205447975,-6.5,3.0
-2,13300,1997.5,1996,1999,3,2.902585054739921,-5.0,0.5
-2,13400,1997.0,1995,1999,4,2.4135036772293152,-3.0,0.5
-2,13500,1998.0,1997,1999,2,1.244989959798621,1.0,1.0
-2,13600,2000.0,1999,2001,2,1.244989959798621,2.5,2.0
-2,13700,1997.0,1995,1999,4,1.244989959798621,0.0,3.0
-2,13800,1996.5,1995,1998,3,1.3964240043766714,-1.5,0.5
-2,13900,1997.5,1996,1999,3,1.350925608610394,-2.5,1.0
-2,14000,1999.0,1997,2001,4,1.4577379737111058,2.0,1.5
-2,14100,1999.5,1998,2001,3,1.2942179105542138,3.0,0.5
-2,14200,1996.5,1995,1998,3,1.3964240043766332,-1.0,3.0
-2,14300,1995.5,1994,1997,3,1.6733200530679209,-3.5,1.0
-2,14400,1996.5,1995,1998,3,1.7464249196570858,-3.0,1.0
-2,14500,1997.5,1996,1999,3,1.5165750888100842,1.0,1.0
-2,14600,1997.5,1996,1999,3,0.8366600265336186,2.0,0.0
-2,14700,1998.0,1997,1999,2,0.9999999999996163,1.5,0.5
-2,14800,1997.5,1996,1999,3,0.547722557504463,0.0,0.5
-2,14900,1999.5,1998,2001,3,0.8660254037839792,2.0,2.0
-2,15000,1999.5,1998,2001,3,1.0246950765955563,1.5,0.0
-2,15100,1999.0,1997,2001,4,0.9082951062287757,1.5,0.5
-2,15200,1999.5,1998,2001,3,0.8660254037839382,0.0,0.5
-2,15300,1998.5,1997,2000,3,0.44721359549899986,-1.0,1.0
-2,15400,1997.5,1996,1999,3,0.836660026533555,-1.5,1.0
-2,15500,1998.0,1997,1999,2,0.7905694150415375,-1.5,0.5
-2,15600,2000.5,1999,2002,3,1.2041594578788737,2.0,2.5
-2,15700,1999.0,1997,2001,4,1.1510864433217554,1.5,1.5
-2,15800,1999.5,1998,2001,3,1.193733638630959,1.5,0.5
-2,15900,1998.5,1997,2000,3,0.9617692030830745,-2.0,1.0
-2,16000,1997.0,1996,1998,2,1.2942179105541451,-2.0,1.5
-2,16100,1997.5,1997,1998,1,1.0368220676659865,-2.0,0.5
-2,16200,1997.0,1996,1998,2,1.083974169433565,-1.5,0.5
-2,16300,1996.5,1995,1998,3,0.7582875444046415,-0.5,0.5
-2,16400,1994.5,1994,1995,1,1.1726039399555181,-3.0,2.0
-2,16500,1995.5,1994,1997,3,1.2041594578789032,-1.5,1.0
-2,16600,1996.0,1994,1998,4,0.9617692030831668,-0.5,0.5
-2,16700,1996.0,1994,1998,4,0.758287544404665,1.5,0.0
-2,16800,1995.5,1994,1997,3,0.612372435695197,0.0,0.5
-2,16900,1995.5,1994,1997,3,0.27386127875125205,-0.5,0.0
-2,17000,1995.0,1993,1997,4,0.41833001326614266,-1.0,0.5
-2,17100,1995.0,1993,1997,4,0.41833001326614266,-0.5,0.0
-2,17200,1995.5,1994,1997,3,0.27386127875125205,0.0,0.5
-2,17300,1996.5,1995,1998,3,0.612372435695197,1.5,1.0
-2,17400,1997.0,1995,1999,4,0.908295106228854,2.0,0.5
-2,17500,1997.0,1996,1998,2,0.908295106228854,1.5,0.0
-2,17600,1996.0,1994,1998,4,0.6519202405197123,-0.5,1.0
-2,17700,1995.5,1994,1997,3,0.6519202405197123,-1.5,0.5
-2,17800,1996.5,1995,1998,3,0.6519202405197123,-0.5,1.0
-2,17900,1995.5,1994,1997,3,0.6519202405197123,-0.5,1.0
-2,18000,1996.0,1995,1997,2,0.41833001326614266,0.5,0.5
-2,18100,1995.5,1994,1997,3,0.44721359549911904,-1.0,0.5
-2,18200,1995.5,1994,1997,3,0.44721359549911904,0.0,0.0
-2,18300,1994.0,1993,1995,2,0.7582875444046415,-2.0,1.5
-2,18400,1995.0,1993,1997,4,0.7582875444046415,-0.5,1.0
-2,18500,1994.0,1993,1995,2,0.7582875444046415,-1.5,1.0
-2,18600,1994.5,1993,1996,3,0.6519202405196578,0.5,0.5
-2,18700,1996.0,1995,1997,2,0.8366600265335762,1.0,1.5
-2,18800,1995.5,1994,1997,3,0.7905694150415601,1.5,0.5
-2,18900,1995.0,1994,1996,2,0.7905694150415601,0.5,0.5
-2,19000,1996.5,1995,1998,3,0.7905694150415601,0.5,1.5
-2,19100,1995.0,1994,1996,2,0.6519202405196033,-0.5,1.5
-2,19200,1994.5,1993,1996,3,0.7582875444045712,-0.5,0.5
-2,19300,1995.5,1994,1997,3,0.7582875444045712,-1.0,1.0
-2,19400,1995.0,1993,1997,4,0.7582875444045712,0.0,0.5
-2,19500,1995.5,1994,1997,3,0.4183300132659728,1.0,0.5
-2,19600,1996.5,1995,1998,3,0.7416198487089464,1.0,1.0
-2,19700,1996.5,1995,1998,3,0.6708203932492399,1.5,0.0
-2,19800,1996.5,1995,1998,3,0.7071067811858893,1.0,0.0
-2,19900,1996.5,1995,1998,3,0.4472135954989204,0.0,0.0
-2,20000,1996.0,1994,1998,4,0.2236067977479548,-0.5,0.5
-2,20100,1995.0,1994,1996,2,0.6519202405195488,-1.5,1.0
-2,20200,1996.5,1995,1998,3,0.6519202405195488,0.0,1.5
-2,20300,1996.5,1996,1997,1,0.6519202405195488,0.5,0.0
-2,20400,1995.0,1993,1997,4,0.7582875444045244,0.0,1.5
-2,20500,1994.0,1993,1995,2,1.0839741694335159,-2.5,1.0
-2,20600,1995.5,1994,1997,3,1.0606601717793824,-1.0,1.5
-2,20700,1996.5,1995,1998,3,1.0606601717793824,1.5,1.0
-2,20800,1996.5,1995,1998,3,1.0606601717793824,2.5,0.0
-2,20900,1995.0,1993,1997,4,1.0606601717793824,-0.5,1.5
-2,21000,1993.5,1992,1995,3,1.244989959798521,-3.0,1.5
-2,21100,1993.5,1992,1995,3,1.4999999999997087,-3.0,0.0
-2,21200,1992.5,1991,1994,3,1.5652475842495814,-2.5,1.0
-2,21300,1993.5,1992,1995,3,0.8944271909994576,0.0,1.0
-2,21400,1992.0,1991,1993,2,0.7071067811859396,-1.5,1.5
-2,21500,1993.5,1992,1995,3,0.7071067811859396,1.0,1.5
-2,21600,1992.0,1991,1993,2,0.7582875444045947,-1.5,1.5
-2,21700,1991.5,1990,1993,3,0.9354143466930296,-0.5,0.5
-2,21800,1992.0,1991,1993,2,0.7582875444045947,-1.5,0.5
-2,21900,1992.0,1990,1994,4,0.7582875444045947,0.0,0.0
-2,22000,1992.0,1990,1994,4,0.2236067977481137,0.5,0.0
-2,22100,1993.5,1992,1995,3,0.7582875444045947,1.5,1.5
-2,22200,1993.0,1991,1995,4,0.7071067811859396,1.0,0.5
-2,22300,1991.5,1991,1992,1,0.8215838362572415,-0.5,1.5
-2,22400,1995.5,1995,1996,1,1.557241150239494,2.0,4.0
-2,22500,1995.5,1994,1997,3,1.7175564037315567,2.5,0.0
-2,22600,1995.0,1994,1996,2,1.7818529681203519,3.5,0.5
-2,22700,1995.5,1994,1997,3,1.7464249196571162,0.0,0.5
-2,22800,1995.5,1994,1997,3,0.22360679774874923,0.0,0.0
-2,22900,1994.5,1994,1995,1,0.44721359549935735,-0.5,1.0
-2,23000,1995.5,1994,1997,3,0.44721359549935735,0.0,1.0
-2,23100,1995.0,1994,1996,2,0.44721359549935735,-0.5,0.5
-2,23200,1996.5,1995,1998,3,0.741619848709186,2.0,1.5
-2,23300,1997.0,1996,1998,2,1.0368220676661064,1.5,0.5
-2,23400,1996.0,1994,1998,4,0.7905694150417173,1.0,1.0
-2,23500,1995.5,1994,1997,3,0.7905694150417173,-1.0,0.5
-2,23600,1996.0,1995,1997,2,0.570087712549048,-1.0,0.5
-2,23700,1996.0,1995,1997,2,0.5477225575046252,0.0,0.0
-2,23800,1995.5,1994,1997,3,0.27386127875144667,0.0,0.5
-2,23900,1994.0,1992,1996,4,0.8215838362573928,-2.0,1.5
-2,24000,1994.5,1994,1995,1,0.9082951062289323,-1.5,0.5
-2,24100,1994.5,1993,1996,3,0.8215838362574145,-1.0,0.0
-2,24200,1993.0,1992,1994,2,0.9082951062289518,-1.0,1.5
-2,24300,1994.0,1992,1996,4,0.612372435695342,-0.5,1.0
-2,24400,1993.5,1992,1995,3,0.6519202405198485,-1.0,0.5
-2,24500,1994.5,1994,1995,1,0.6519202405198485,1.5,1.0
-2,24600,1992.5,1991,1994,3,0.7905694150417623,-1.5,2.0
-2,24700,1991.0,1990,1992,2,1.38744369255095,-2.5,1.5
-2,24800,1991.0,1989,1993,4,1.541103500742046,-3.5,0.0
-2,24900,1990.5,1989,1992,3,1.635542723379438,-2.0,0.5
-2,25000,1991.0,1989,1993,4,0.7582875444048289,0.0,0.5
-2,25100,1992.5,1992,1993,1,0.7582875444048289,1.5,1.5
-2,25200,1990.5,1989,1992,3,0.8215838362574361,0.0,2.0
-2,25300,1992.0,1991,1993,2,0.9082951062289714,1.0,1.5
-2,25400,1994.5,1993,1996,3,1.5572411502396082,2.0,2.5
-2,25500,1993.5,1992,1995,3,1.5165750888101897,3.0,1.0
-2,25600,1992.0,1991,1993,2,1.5411035007421265,0.0,1.5
-2,25700,1993.5,1992,1995,3,1.0839741694337781,-1.0,1.5
-2,25800,1993.5,1992,1995,3,0.8944271909997356,0.0,0.0
-2,25900,1992.0,1991,1993,2,0.8215838362575875,0.0,1.5
-2,26000,1993.5,1992,1995,3,0.8215838362575875,0.0,1.5
-2,26100,1993.0,1991,1995,4,0.6519202405200393,-0.5,0.5
-2,26200,1992.5,1992,1993,1,0.6519202405200393,0.5,0.5
-2,26300,1993.0,1992,1994,2,0.5700877125493284,-0.5,0.5
-2,26400,1993.0,1991,1995,4,0.353553390592902,0.0,0.0
-2,26500,1992.5,1991,1994,3,0.27386127875209526,0.0,0.5
-2,26600,1993.5,1992,1995,3,0.41833001326669467,0.5,1.0
-2,26700,1995.5,1995,1996,1,1.1726039399557302,2.5,2.0
-2,26800,1996.5,1996,1997,1,1.7175564037316704,4.0,1.0
-2,26900,1995.5,1994,1997,3,1.643167672515389,2.0,1.0
-2,27000,1993.5,1992,1995,3,1.341640786499743,-2.0,2.0
-2,27100,1993.0,1991,1995,4,1.4832396974189923,-3.5,0.5
-2,27200,1992.0,1991,1993,2,1.8506755523320435,-3.5,1.0
-2,27300,1993.0,1991,1995,4,1.2942179105542688,-0.5,1.0
-2,27400,1992.5,1992,1993,1,0.5700877125491415,-0.5,0.5
-2,27500,1993.5,1992,1995,3,0.5700877125491415,1.5,1.0
-2,27600,1993.0,1992,1994,2,0.5700877125491415,0.0,0.5
-2,27700,1994.0,1993,1995,2,0.5700877125491415,1.5,1.0
-2,27800,1994.5,1993,1996,3,0.7905694150417848,1.0,0.5
-2,27900,1993.5,1992,1995,3,0.5700877125491415,0.5,1.0
-2,28000,1994.5,1993,1996,3,0.6519202405198757,0.5,1.0
-2,28100,1993.5,1993,1994,1,0.4999999999994671,-1.0,1.0
-2,28200,1995.5,1994,1997,3,0.8366600265337673,2.0,2.0
-2,28300,1993.0,1992,1994,2,0.9999999999997407,-1.5,2.5
-2,28400,1994.0,1992,1996,4,0.961769203083296,0.5,1.0
-2,28500,1994.0,1992,1996,4,0.9354143466932004,-1.5,0.0
-2,28600,1993.5,1992,1995,3,0.9354143466932004,0.5,0.5
-2,28700,1994.5,1993,1996,3,0.5700877125491103,0.5,1.0
-2,28800,1995.5,1995,1996,1,0.7582875444048289,1.5,1.0
-2,28900,1994.5,1993,1996,3,0.7416198487092338,1.0,1.0
-2,29000,1993.5,1992,1995,3,0.8366600265337673,-1.0,1.0
-2,29100,1993.5,1992,1995,3,0.8366600265337673,-2.0,0.0
-2,29200,1994.5,1994,1995,1,0.8366600265337673,0.0,1.0
-2,29300,1994.5,1993,1996,3,0.54772255750469,1.0,0.0
-2,29400,1993.0,1991,1995,4,0.6708203932495312,-0.5,1.5
-2,29500,1991.5,1990,1993,3,1.244989959798678,-3.0,1.5
-2,29600,1992.0,1990,1994,4,1.3874436925509754,-2.5,0.5
-2,29700,1991.5,1990,1993,3,1.2747548783979787,-1.5,0.5
-2,29800,1990.5,1989,1992,3,0.9082951062289518,-1.0,1.0
-2,29900,1990.0,1989,1991,2,0.8215838362574145,-2.0,0.5
-2,30000,1988.5,1987,1990,3,1.3693063937627103,-3.0,1.5
-2,30100,1988.0,1987,1989,2,1.4404860290886068,-2.5,0.5
-2,30200,1987.5,1986,1989,3,1.2942179105542961,-2.5,0.5
-2,30300,1988.5,1988,1989,1,0.9354143466932575,0.0,1.0
-2,30400,1987.5,1986,1989,3,0.4999999999995737,-0.5,1.0
-2,30500,1987.0,1985,1989,4,0.5700877125492038,-0.5,0.5
-2,30600,1987.0,1985,1989,4,0.6123724356954581,-1.5,0.0
-2,30700,1987.0,1985,1989,4,0.6519202405199576,-0.5,0.0
-2,30800,1986.0,1984,1988,4,0.5477225575048522,-1.0,1.0
-2,30900,1985.5,1984,1987,3,0.7071067811863164,-1.5,0.5
-2,31000,1985.5,1985,1986,1,0.7582875444049461,-1.5,0.0
-2,31100,1986.0,1985,1987,2,0.612372435695545,0.0,0.5
-2,31200,1984.0,1983,1985,2,0.8215838362575875,-1.5,2.0
-2,31300,1984.5,1984,1985,1,0.8215838362575875,-1.0,0.5
-2,31400,1984.5,1983,1986,3,0.8215838362575875,-1.5,0.0
-2,31500,1984.5,1983,1986,3,0.7582875444049929,0.5,0.0
-2,31600,1984.5,1983,1986,3,0.22360679774946418,0.0,0.0
-2,31700,1984.5,1984,1985,1,0.0,0.0,0.0
-2,31800,1985.5,1984,1987,3,0.44721359549967515,1.0,1.0
-2,31900,1985.5,1984,1987,3,0.547722557504917,1.0,0.0
-2,32000,1987.0,1986,1988,2,1.024695076595799,2.5,1.5
-2,32100,1987.0,1986,1988,2,1.0839741694337617,1.5,0.0
-2,32200,1987.5,1986,1989,3,0.9354143466932575,2.0,0.5
-2,32300,1988.5,1988,1989,1,1.0839741694337617,1.5,1.0
-2,32400,1989.0,1987,1991,4,0.9082951062290692,2.0,0.5
-2,32500,1990.0,1989,1991,2,1.193733638631182,2.5,1.0
-2,32600,1991.0,1989,1993,4,1.3509256086104728,2.5,1.0
-2,32700,1993.0,1992,1994,2,1.7888543819997174,4.0,2.0
-2,32800,1989.5,1989,1990,1,1.5811388300840683,-0.5,3.5
-2,32900,1990.5,1989,1992,3,1.350925608610486,-0.5,1.0
-2,33000,1991.5,1990,1993,3,1.2942179105543374,-1.5,1.0
-2,33100,1992.5,1991,1994,3,1.4317821063274978,3.0,1.0
-2,33200,1992.5,1991,1994,3,1.3038404810404027,2.0,0.0
-2,33300,1990.5,1990,1991,1,0.9999999999998472,-1.0,2.0
-2,33400,1991.5,1990,1993,3,0.8366600265338947,-1.0,1.0
-2,33500,1992.0,1990,1994,4,0.8366600265338947,-0.5,0.5
-2,33600,1991.5,1990,1993,3,0.7416198487093536,1.0,0.5
-2,33700,1992.5,1991,1994,3,0.7416198487093536,1.0,1.0
-2,33800,1994.5,1993,1996,3,1.244989959798735,2.5,2.0
-2,33900,1995.5,1995,1996,1,1.7175564037316498,4.0,1.0
-2,34000,1996.0,1995,1997,2,1.9364916731036002,3.5,0.5
-2,34100,1993.5,1992,1995,3,1.4317821063274978,-1.0,2.5
-2,34200,1994.0,1992,1996,4,1.036822067666175,-1.5,0.5
-2,34300,1994.5,1993,1996,3,1.036822067666175,-1.5,0.5
-2,34400,1995.5,1994,1997,3,1.036822067666175,2.0,1.0
-2,34500,1994.5,1993,1996,3,0.7416198487092818,0.5,1.0
-2,34600,1993.5,1992,1995,3,0.7416198487092818,-1.0,1.0
-2,34700,1993.5,1992,1995,3,0.8366600265338098,-2.0,0.0
-2,34800,1992.0,1991,1993,2,1.3038404810403483,-2.5,1.5
-2,34900,1992.0,1990,1994,4,1.0839741694336962,-1.5,0.0
-2,35000,1992.5,1991,1994,3,0.7582875444047821,-1.0,0.5
-2,35100,1993.0,1991,1995,4,0.6519202405198485,1.0,0.5
-2,35200,1992.0,1991,1993,2,0.44721359549931766,0.0,1.0
-2,35300,1994.5,1993,1996,3,1.0368220676661235,2.0,2.5
-2,35400,1994.5,1993,1996,3,1.1510864433219097,1.5,0.0
-2,35500,1992.5,1991,1994,3,1.1510864433219097,0.5,2.0
-2,35600,1991.5,1990,1993,3,1.4142135623729142,-3.0,1.0
-2,35700,1991.5,1990,1993,3,1.5165750888101546,-3.0,0.0
-2,35800,1992.5,1991,1994,3,1.224744871391415,0.0,1.0
-2,35900,1992.0,1990,1994,4,0.4999999999995737,0.5,0.5
-2,36000,1992.5,1991,1994,3,0.4999999999995737,1.0,0.5
-2,36100,1992.5,1992,1993,1,0.44721359549947654,0.0,0.0
-2,36200,1991.5,1990,1993,3,0.44721359549947654,-0.5,1.0
-2,36300,1990.5,1989,1992,3,0.8366600265338098,-2.0,1.0
-2,36400,1992.5,1991,1994,3,0.8944271909996561,0.0,2.0
-2,36500,1992.0,1991,1993,2,0.8366600265338098,0.5,0.5
-2,36600,1993.0,1991,1995,4,0.9617692030833146,2.5,1.0
-2,36700,1993.0,1991,1995,4,1.0368220676661406,0.5,0.0
-2,36800,1992.0,1991,1993,2,0.4999999999994671,0.0,1.0
-2,36900,1991.0,1989,1993,4,0.8366600265337673,-2.0,1.0
-2,37000,1990.5,1989,1992,3,1.140175425098928,-2.5,0.5
-2,37100,1991.0,1989,1993,4,0.9999999999997762,-1.0,0.5
-2,37200,1991.5,1990,1993,3,0.5700877125491727,0.5,0.5
-2,37300,1991.5,1990,1993,3,0.4183300132665248,1.0,0.0
-2,37400,1992.0,1990,1994,4,0.5700877125492038,1.0,0.5
-2,37500,1992.5,1991,1994,3,0.5700877125492038,1.0,0.5
-2,37600,1992.5,1991,1994,3,0.4999999999995737,1.0,0.0
-2,37700,1993.5,1992,1995,3,0.7416198487092578,1.5,1.0
-2,37800,1991.0,1989,1993,4,0.9082951062289714,-1.5,2.5
-2,37900,1991.5,1990,1993,3,0.9746794344806463,-1.0,0.5
-2,38000,1992.5,1991,1994,3,0.9746794344806463,-1.0,1.0
-2,38100,1992.5,1991,1994,3,0.9746794344806463,1.5,0.0
-2,38200,1991.5,1990,1993,3,0.6708203932495842,0.0,1.0
-2,38300,1992.5,1991,1994,3,0.5477225575047548,0.0,1.0
-2,38400,1992.5,1991,1994,3,0.44721359549947654,0.0,0.0
-2,38500,1993.0,1991,1995,4,0.5477225575047548,1.5,0.5
-2,38600,1993.0,1991,1995,4,0.612372435695429,0.5,0.0
-2,38700,1992.5,1992,1993,1,0.27386127875177096,0.0,0.5
-2,38800,1992.0,1991,1993,2,0.41833001326648234,-1.0,0.5
-2,38900,1991.5,1990,1993,3,0.6519202405199302,-1.5,0.5
-2,39000,1991.5,1990,1993,3,0.6519202405199302,-1.0,0.0
-2,39100,1990.5,1989,1992,3,0.7416198487092338,-1.5,1.0
-2,39200,1990.5,1989,1992,3,0.6708203932495577,-1.0,0.0
-2,39300,1989.0,1988,1990,2,1.024695076595695,-2.5,1.5
-2,39400,1990.5,1989,1992,3,0.8944271909995966,0.0,1.5
-2,39500,1991.5,1991,1992,1,0.8944271909995966,1.0,1.0
-2,39600,1991.5,1990,1993,3,1.024695076595695,2.5,0.0
-2,39700,1990.5,1989,1992,3,1.024695076595695,0.0,1.0
-2,39800,1988.5,1988,1989,1,1.224744871391386,-3.0,2.0
-2,39900,1989.5,1988,1991,3,1.3038404810403346,-2.0,1.0
-2,40000,1989.5,1988,1991,3,1.1401754250989125,-1.0,0.0
-2,40100,1989.5,1988,1991,3,0.707106781186216,1.0,0.0
-2,40200,1990.5,1990,1991,1,0.707106781186216,1.0,1.0
-2,40300,1990.5,1989,1992,3,0.5477225575047224,1.0,0.0
-2,40400,1990.5,1989,1992,3,0.5477225575047224,1.0,0.0
-2,40500,1990.5,1989,1992,3,0.4472135954994368,0.0,0.0
-2,40600,1990.5,1989,1992,3,0.0,0.0,0.0
-2,40700,1990.5,1990,1991,1,0.0,0.0,0.0
-2,40800,1990.0,1988,1992,4,0.22360679774898753,-0.5,0.5
-2,40900,1988.5,1988,1989,1,0.8660254037841844,-2.0,1.5
-2,41000,1991.0,1990,1992,2,0.9617692030833516,0.5,2.5
-2,41100,1991.5,1991,1992,1,1.151086443321956,1.5,0.5
-2,41200,1990.0,1989,1991,2,1.151086443321956,1.5,1.5
-2,41300,1989.5,1988,1991,3,1.1937336386311523,-1.5,0.5
-2,41400,1987.0,1986,1988,2,1.7535677916748975,-4.5,2.5
-2,41500,1985.5,1985,1986,1,2.413503677229352,-4.5,1.5
-2,41600,1988.0,1986,1990,4,1.8371173070872868,-1.5,2.5
-2,41700,1987.5,1986,1989,3,1.4577379737112033,0.5,0.5
-2,41800,1987.0,1986,1988,2,0.9354143466932955,1.5,0.5
-2,41900,1986.5,1986,1987,1,0.9617692030833884,-1.5,0.5
-2,42000,1987.5,1986,1989,3,0.570087712549235,0.0,1.0
-2,42100,1986.5,1985,1988,3,0.4999999999996092,-0.5,1.0
-2,42200,1985.0,1983,1987,4,0.9354143466932765,-1.5,1.5
-2,42300,1985.0,1984,1986,2,1.0839741694337452,-2.5,0.0
-2,42400,1985.5,1984,1987,3,1.0839741694337452,-1.0,0.5
-2,42500,1985.5,1984,1987,3,0.612372435695487,0.5,0.0
-2,42600,1986.5,1985,1988,3,0.612372435695487,1.5,1.0
-2,42700,1987.5,1987,1988,1,0.9999999999998117,2.0,1.0
-2,42800,1987.5,1986,1989,3,0.9999999999998117,2.0,0.0
-2,42900,1987.0,1986,1988,2,0.8366600265338522,0.5,0.5
-2,43000,1987.0,1985,1989,4,0.41833001326660973,-0.5,0.0
-2,43100,1985.0,1984,1986,2,1.0368220676662092,-2.5,2.0
-2,43200,1985.5,1984,1987,3,1.0839741694337781,-1.5,0.5
-2,43300,1986.5,1985,1988,3,0.9082951062290692,-0.5,1.0
-2,43400,1986.5,1985,1988,3,0.8215838362575658,1.5,0.0
-2,43500,1986.5,1985,1988,3,0.7071067811863164,1.0,0.0
-2,43600,1987.5,1986,1989,3,0.7071067811863164,1.0,1.0
-2,43700,1987.5,1987,1988,1,0.5477225575048522,1.0,0.0
-2,43800,1988.5,1987,1990,3,0.8366600265338734,2.0,1.0
-2,43900,1990.0,1988,1992,4,1.3228756555321717,2.5,1.5
-2,44000,1991.0,1990,1992,2,1.5572411502396195,3.5,1.0
-2,44100,1992.5,1991,1994,3,1.9811612756157686,4.0,1.5
-2,44200,1992.5,1991,1994,3,1.7102631376485276,2.5,0.0
-2,44300,1991.0,1990,1992,2,1.0839741694336307,0.0,1.5
-2,44400,1991.0,1990,1992,2,0.8215838362573064,-1.5,0.0
-2,44500,1991.0,1990,1992,2,0.8215838362573064,-1.5,0.0
-2,44600,1991.5,1990,1993,3,0.651920240519685,0.5,0.5
-2,44700,1992.5,1992,1993,1,0.651920240519685,1.5,1.0
-2,44800,1992.5,1992,1993,1,0.7582875444046415,1.5,0.0
-2,44900,1990.5,1989,1992,3,0.8944271909994576,-1.0,2.0
-2,45000,1990.5,1989,1992,3,0.9999999999995985,-2.0,0.0
-2,45100,1990.0,1988,1992,4,1.2041594578789032,-2.5,0.5
-2,45200,1988.5,1987,1990,3,1.4317821063273861,-2.0,1.5
-2,45300,1988.5,1987,1990,3,1.0246950765956255,-2.0,0.0
-2,45400,1988.5,1987,1990,3,0.974679434480537,-1.5,0.0
-2,45500,1991.5,1991,1992,1,1.3416407864995974,3.0,3.0
-2,45600,1993.5,1992,1995,3,2.302172886644131,5.0,2.0
-2,45700,1992.5,1991,1994,3,2.302172886644131,4.0,1.0
-2,45800,1991.5,1990,1993,3,1.8708286933867846,0.0,1.0
-2,45900,1991.0,1990,1992,2,0.9999999999996518,-2.5,0.5
-2,46000,1989.0,1988,1990,2,1.6955824957811116,-3.5,2.0
-2,46100,1990.0,1988,1992,4,1.3509256086103676,-1.5,1.0
-2,46200,1990.0,1989,1991,2,0.9746794344805187,-1.0,0.0
-2,46300,1991.5,1990,1993,3,0.9746794344805187,2.5,1.5
-2,46400,1992.0,1990,1994,4,1.2247448713912845,2.0,0.5
-2,46500,1990.5,1989,1992,3,0.9082951062288345,0.5,1.5
-2,46600,1990.5,1989,1992,3,0.8215838362573064,-1.0,0.0
-2,46700,1992.5,1991,1994,3,0.8944271909994773,0.5,2.0
-2,46800,1991.5,1991,1992,1,0.8944271909994773,1.0,1.0
-2,46900,1992.5,1991,1994,3,0.9999999999996163,2.0,1.0
-2,47000,1992.5,1991,1994,3,0.8944271909994773,0.0,0.0
-2,47100,1992.5,1991,1994,3,0.4472135954990396,1.0,0.0
-2,47200,1993.5,1993,1994,1,0.7071067811859647,1.0,1.0
-2,47300,1990.5,1989,1992,3,1.0954451150099442,-2.0,3.0
-2,47400,1991.5,1990,1993,3,1.1401754250987566,-1.0,1.0
-2,47500,1992.5,1992,1993,1,1.1401754250987566,-1.0,1.0
-2,47600,1990.5,1990,1991,1,1.3038404810401985,0.0,2.0
-2,47700,1990.0,1989,1991,2,0.9999999999995808,-1.5,0.5
-2,47800,1990.5,1989,1992,3,0.9999999999995808,-2.0,0.5
-2,47900,1990.5,1989,1992,3,0.9746794344804641,0.0,0.0
-2,48000,1990.5,1989,1992,3,0.22360679774803424,0.5,0.0
-2,48100,1991.5,1991,1992,1,0.5477225575043981,1.0,1.0
-2,48200,1988.0,1987,1989,2,1.3038404810402258,-2.5,3.5
-2,48300,1990.0,1988,1992,4,1.2942179105541727,-0.5,2.0
-2,48400,1991.5,1990,1993,3,1.4404860290885206,0.0,1.5
-2,48500,1991.0,1989,1993,4,1.4747881203749893,3.0,0.5
-2,48600,1992.0,1991,1993,2,1.5811388300839448,2.0,1.0
-2,48700,1991.0,1990,1992,2,0.7416198487090422,-0.5,1.0
-2,48800,1992.5,1991,1994,3,0.6519202405197123,1.5,1.5
-2,48900,1992.5,1991,1994,3,0.7582875444046884,0.5,0.0
-2,49000,1992.5,1991,1994,3,0.6519202405197395,1.5,0.0
-2,49100,1992.5,1991,1994,3,0.6708203932494253,0.0,0.0
-2,49200,1991.5,1990,1993,3,0.4472135954991588,-1.0,1.0
-2,49300,1991.5,1990,1993,3,0.5477225575044954,-1.0,0.0
-2,49400,1992.0,1990,1994,4,0.49999999999925393,-0.5,0.5
-2,49500,1993.5,1993,1994,1,0.8366600265336186,2.0,1.5
-2,49600,1991.0,1990,1992,2,0.9617692030831853,-0.5,2.5
-2,49700,1992.5,1991,1994,3,0.9617692030831853,0.5,1.5
-2,49800,1992.5,1991,1994,3,0.908295106228854,-1.0,0.0
-2,49900,1992.0,1991,1993,2,0.908295106228854,1.0,0.5
-2,50000,1992.5,1991,1994,3,0.6519202405197123,0.0,0.5
-2,50100,1993.5,1992,1995,3,0.5477225575045603,1.0,1.0
-2,50200,1992.5,1991,1994,3,0.5477225575045603,0.5,1.0
-2,50300,1993.0,1992,1994,2,0.5700877125489857,0.5,0.5
-2,50400,1991.5,1990,1993,3,0.7416198487090901,-2.0,1.5
-2,50500,1991.5,1990,1993,3,0.8944271909995369,-1.0,0.0
-2,50600,1988.0,1986,1990,4,1.9557607215606174,-5.0,3.5
-2,50700,1985.5,1984,1987,3,3.0700162866016547,-6.0,2.5
-2,50800,1983.5,1982,1985,3,3.5707142142713555,-8.0,2.0
-2,50900,1984.5,1983,1986,3,3.2093613071761555,-3.5,1.0
-2,51000,1984.5,1983,1986,3,1.717556403731567,-1.0,0.0
-2,51100,1986.0,1985,1987,2,0.9746794344805735,2.5,1.5
-2,51200,1984.5,1983,1986,3,0.8944271909995568,0.0,1.5
-2,51300,1986.5,1986,1987,1,0.9746794344805735,2.0,2.0
-2,51400,1981.0,1980,1982,2,2.150581316760508,-5.0,5.5
-2,51500,1985.5,1984,1987,3,2.1965882636487315,1.0,4.5
-2,51600,1984.0,1983,1985,2,2.0796634343083893,-2.5,1.5
-2,51700,1985.5,1984,1987,3,2.150581316760508,4.5,1.5
-2,51800,1986.0,1985,1987,2,2.043281674170087,0.5,0.5
-2,51900,1987.5,1986,1989,3,1.2549900398007918,3.5,1.5
-2,52000,1989.5,1988,1991,3,2.0916500663349953,4.0,2.0
-2,52100,1988.5,1988,1989,1,1.6733200530678998,2.5,1.0
-2,52200,1988.5,1987,1990,3,1.322875655531957,1.0,0.0
-2,52300,1990.0,1989,1991,2,0.9746794344804459,0.5,1.5
-2,52400,1990.5,1989,1992,3,0.8944271909994178,2.0,0.5
-2,52500,1990.5,1989,1992,3,1.024695076595539,2.0,0.0
-2,52600,1990.0,1989,1991,2,0.8215838362572415,0.0,0.5
-2,52700,1989.5,1988,1991,3,0.4183300132659728,-1.0,0.5
-2,52800,1988.5,1987,1990,3,0.8366600265335338,-2.0,1.0
-2,52900,1987.0,1986,1988,2,1.387443692550809,-3.0,1.5
-2,53000,1988.5,1987,1990,3,1.1510864433216936,-1.0,1.5
-2,53100,1986.5,1985,1988,3,1.224744871391183,-2.0,2.0
-2,53200,1986.5,1985,1988,3,1.024695076595487,-0.5,0.0
-2,53300,1987.0,1986,1988,2,0.8215838362571767,-1.5,0.5
-2,53400,1986.0,1985,1987,2,0.9617692030830929,-0.5,1.0
-2,53500,1988.5,1988,1989,1,0.9617692030830929,2.0,2.5
-2,53600,1987.5,1986,1989,3,0.9617692030830929,0.5,1.0
-2,53700,1986.5,1985,1988,3,0.9617692030830929,0.5,1.0
-2,53800,1985.5,1985,1986,1,1.2041594578788442,-3.0,1.0
-2,53900,1986.5,1985,1988,3,1.140175425098741,-1.0,1.0
-2,54000,1987.5,1987,1988,1,0.836660026533555,1.0,1.0
-2,54100,1987.0,1985,1989,4,0.7416198487089943,1.5,0.5
-2,54200,1988.0,1986,1990,4,0.9617692030831114,1.5,1.0
-2,54300,1987.5,1986,1989,3,0.5700877125487676,0.0,0.5
-2,54400,1987.0,1986,1988,2,0.4183300132659728,0.0,0.5
-2,54500,1988.0,1986,1990,4,0.4999999999991118,0.0,1.0
-2,54600,1988.5,1987,1990,3,0.5700877125487988,1.0,0.5
-2,54700,1990.5,1990,1991,1,1.350925608610315,3.5,2.0
-2,54800,1988.5,1987,1990,3,1.2747548783978673,0.5,2.0
-2,54900,1990.5,1989,1992,3,1.2041594578788737,2.0,2.0
-2,55000,1990.5,1990,1991,1,1.095445115009928,0.0,0.0
-2,55100,1990.5,1989,1992,3,0.8944271909994178,2.0,0.0
-2,55200,1990.0,1988,1992,4,0.8660254037839177,-0.5,0.5
-2,55300,1990.5,1989,1992,3,0.2236067977479548,0.0,0.5
-2,55400,1991.5,1990,1993,3,0.5477225575043657,1.0,1.0
-2,55500,1992.5,1991,1994,3,0.999999999999563,2.5,1.0
-2,55600,1992.5,1991,1994,3,1.140175425098741,2.0,0.0
-2,55700,1992.5,1991,1994,3,0.8944271909993781,1.0,0.0
-2,55800,1992.5,1991,1994,3,0.447213595498841,0.0,0.0
-2,55900,1992.5,1991,1994,3,0.0,0.0,0.0
-2,56000,1992.5,1991,1994,3,0.0,0.0,0.0
-2,56100,1992.0,1990,1994,4,0.22360679774779593,-0.5,0.5
-2,56200,1991.0,1990,1992,2,0.6519202405194943,-1.5,1.0
-2,56300,1992.5,1991,1994,3,0.6519202405194943,0.0,1.5
-2,56400,1992.5,1991,1994,3,0.6519202405194943,0.5,0.0
-2,56500,1992.5,1991,1994,3,0.6519202405194943,1.5,0.0
-2,56600,1991.0,1990,1992,2,0.821583836257155,-1.5,1.5
-2,56700,1992.5,1991,1994,3,0.670820393249187,0.0,1.5
-2,56800,1990.0,1989,1991,2,1.1510864433217092,-2.5,2.5
-2,56900,1990.5,1989,1992,3,1.1510864433217092,-0.5,0.5
-2,57000,1991.5,1990,1993,3,0.961769203083056,-1.0,1.0
-2,57100,1991.5,1990,1993,3,0.9746794344803912,1.5,0.0
-2,57200,1990.5,1990,1991,1,0.6708203932492135,0.0,1.0
-2,57300,1991.0,1990,1992,2,0.49999999999904077,-0.5,0.5
-2,57400,1993.5,1993,1994,1,1.140175425098741,2.0,2.5
-2,57500,1992.5,1991,1994,3,1.204159457878859,2.0,1.0
-2,57600,1993.0,1992,1994,2,1.2942179105541451,2.0,0.5
-2,57700,1993.5,1992,1995,3,1.0368220676659865,0.0,0.5
-2,57800,1993.0,1991,1995,4,0.41833001326601527,0.5,0.5
-2,57900,1993.5,1992,1995,3,0.41833001326601527,0.5,0.5
-2,58000,1994.5,1994,1995,1,0.6123724356951099,1.0,1.0
-2,58100,1992.0,1991,1993,2,0.9082951062287757,-1.0,2.5
-2,58200,1992.0,1991,1993,2,1.060660171779416,-1.5,0.0
-2,58300,1993.0,1991,1995,4,1.060660171779416,-1.5,1.0
-2,58400,1993.0,1991,1995,4,1.024695076595539,1.0,0.0
-2,58500,1994.0,1993,1995,2,0.8366600265335974,2.0,1.0
-2,58600,1993.5,1992,1995,3,0.7416198487090422,0.5,0.5
-2,58700,1994.5,1993,1996,3,0.6519202405197123,1.5,1.0
-2,58800,1994.5,1993,1996,3,0.6519202405197123,0.5,0.0
-2,58900,1994.5,1993,1996,3,0.44721359549911904,1.0,0.0
-2,59000,1994.5,1993,1996,3,0.44721359549911904,0.0,0.0
-2,59100,1994.0,1993,1995,2,0.22360679774835202,-0.5,0.5
-2,59200,1994.0,1992,1996,4,0.27386127875125205,-0.5,0.0
-2,59300,1993.5,1992,1995,3,0.41833001326614266,-1.0,0.5
-2,59400,1992.5,1991,1994,3,0.758287544404665,-1.5,1.0
-2,59500,1992.5,1991,1994,3,0.758287544404665,-1.5,0.0
-2,59600,1992.5,1991,1994,3,0.707106781186015,-1.0,0.0
-2,59700,1991.5,1990,1993,3,0.707106781186015,-1.0,1.0
-2,59800,1992.0,1991,1993,2,0.44721359549911904,-0.5,0.5
-2,59900,1990.5,1990,1991,1,0.8366600265336186,-2.0,1.5
-2,60000,1992.5,1992,1993,1,0.8366600265336186,1.0,2.0
-2,60100,1990.5,1990,1991,1,0.8944271909994972,-1.5,2.0
-2,60200,1987.0,1986,1988,2,2.150581316760483,-3.5,3.5
-2,60300,1989.5,1988,1991,3,1.9999999999998135,-3.0,2.5
-2,60400,1990.5,1989,1992,3,1.9999999999998135,0.0,1.0
-2,60500,1987.5,1987,1988,1,1.658312395177475,0.5,3.0
-2,60600,1988.0,1987,1989,2,1.4577379737110692,-1.5,0.5
-2,60700,1988.5,1987,1990,3,1.204159457878918,-2.0,0.5
-2,60800,1988.5,1987,1990,3,1.1401754250988034,1.0,0.0
-2,60900,1988.5,1987,1990,3,0.4472135954990396,0.5,0.0
-2,61000,1988.5,1987,1990,3,0.2236067977481137,0.0,0.0
-2,61100,1990.0,1989,1991,2,0.6708203932493194,1.5,1.5
-2,61200,1988.5,1987,1990,3,0.6708203932493194,0.0,1.5
-2,61300,1988.0,1987,1989,2,0.7582875444046181,-0.5,0.5
-2,61400,1989.0,1988,1990,2,0.7582875444046181,-1.0,1.0
-2,61500,1990.0,1988,1992,4,0.8944271909994773,1.5,1.0
-2,61600,1990.5,1989,1992,3,1.0368220676659865,2.5,0.5
-2,61700,1992.0,1990,1994,4,1.516575088810014,3.0,1.5
-2,61800,1992.5,1992,1993,1,1.4404860290884713,2.5,0.5
-2,61900,1992.5,1991,1994,3,1.1726039399554726,2.0,0.0
-2,62000,1994.5,1993,1996,3,1.4317821063272993,2.5,2.0
-2,62100,1995.0,1993,1997,4,1.3509256086102626,2.5,0.5
-2,62200,1996.0,1994,1998,4,1.5572411502394485,3.5,1.0
-2,62300,1999.0,1998,2000,2,2.3822258499141142,4.5,3.0
-2,62400,2000.5,1999,2002,3,2.622022120425177,5.5,1.5
-2,62500,2003.5,2002,2005,3,3.4387497728097354,7.5,3.0
-2,62600,2003.5,2002,2005,3,3.1819805153393164,4.5,0.0
-2,62700,2004.5,2003,2006,3,2.3345235059855427,4.0,1.0
-2,62800,2005.5,2004,2007,3,1.870828693386699,2.0,1.0
-2,62900,2004.0,2003,2005,2,0.83666002653347,0.5,1.5
-2,63000,2001.5,2001,2002,1,1.4832396974187767,-3.0,2.5
-2,63100,2002.0,2000,2004,4,1.6955824957810068,-3.5,0.5
-2,63200,2002.5,2001,2004,3,1.6355427233792859,-1.5,0.5
-2,63300,2003.5,2002,2005,3,1.0368220676658324,2.0,1.0
-2,63400,2004.5,2003,2006,3,1.2041594578787704,2.5,1.0
-2,63500,2003.5,2002,2005,3,0.9746794344803366,1.0,1.0
-2,63600,2004.5,2003,2006,3,0.8366600265334063,1.0,1.0
-2,63700,2004.5,2003,2006,3,0.5477225575041387,0.0,0.0
-2,63800,2004.5,2003,2006,3,0.44721359549872186,1.0,0.0
-2,63900,2005.5,2004,2007,3,0.7071067811857638,1.0,1.0
-2,64000,2004.0,2002,2006,4,0.5477225575041387,-0.5,1.5
-2,64100,2001.0,2000,2002,2,1.7102631376484028,-3.5,3.0
-2,64200,2001.5,2000,2003,3,1.9557607215605264,-4.0,0.5
-2,64300,2001.5,2000,2003,3,1.9557607215605264,-2.5,0.0
-2,64400,2001.5,2000,2003,3,1.1937336386309143,0.5,0.0
-2,64500,2002.5,2001,2004,3,0.5477225575043333,1.0,1.0
-2,64600,2003.0,2001,2005,4,0.7071067811859144,1.5,0.5
-2,64700,2004.0,2003,2005,2,1.0606601717793993,2.5,1.0
-2,64800,2003.5,2002,2005,3,0.9617692030830929,1.0,0.5
-2,64900,2002.0,2001,2003,2,0.7905694150414927,-1.0,1.5
-2,65000,2002.0,2001,2003,2,0.8944271909993979,-2.0,0.0
-2,65100,2002.5,2001,2004,3,0.9082951062287367,-1.0,0.5
-2,65200,2002.5,2001,2004,3,0.6123724356950229,0.5,0.0
-2,65300,2003.0,2002,2004,2,0.41833001326588787,1.0,0.5
-2,65400,2002.5,2001,2004,3,0.3535533905918971,0.0,0.5
-2,65500,2003.0,2001,2005,4,0.273861278750798,0.5,0.5
-2,65600,2004.5,2003,2006,3,0.8215838362571767,1.5,1.5
-2,65700,2004.0,2003,2005,2,0.8215838362571767,1.5,0.5
-2,65800,2004.5,2003,2006,3,0.9082951062287171,1.5,0.5
-2,65900,2003.5,2002,2005,3,0.6519202405195216,-1.0,1.0
-2,66000,2003.5,2002,2005,3,0.49999999999900524,-0.5,0.0
-2,66100,2003.5,2002,2005,3,0.447213595498841,-1.0,0.0
-2,66200,2004.5,2003,2006,3,0.5477225575042359,1.0,1.0
-2,66300,2005.5,2004,2007,3,0.8944271909993781,2.0,1.0
-2,66400,2004.5,2003,2006,3,0.8366600265335125,1.0,1.0
-2,66500,2004.5,2003,2006,3,0.7071067811858893,0.0,0.0
-2,66600,2003.5,2002,2005,3,0.7071067811858893,-2.0,1.0
-2,66700,2004.0,2002,2006,4,0.7416198487089464,-0.5,0.5
-2,66800,2005.0,2003,2007,4,0.5700877125487988,0.5,1.0
-2,66900,2004.5,2004,2005,1,0.5700877125487988,1.0,0.5
-2,67000,2006.5,2005,2008,3,1.15108644332174,2.5,2.0
-2,67100,2006.5,2005,2008,3,1.15108644332174,1.5,0.0
-2,67200,2007.5,2007,2008,1,1.2247448713912263,3.0,1.0
-2,67300,2007.0,2005,2009,4,1.140175425098741,0.5,0.5
-2,67400,2006.5,2005,2008,3,0.44721359549888073,0.0,0.5
-2,67500,2007.0,2006,2008,2,0.41833001326588787,-0.5,0.5
-2,67600,2006.5,2005,2008,3,0.41833001326588787,-0.5,0.5
-2,67700,2008.0,2007,2009,2,0.6123724356950229,1.5,1.5
-2,67800,2006.0,2005,2007,2,0.7582875444045244,-1.0,2.0
-2,67900,2006.5,2005,2008,3,0.7582875444045244,0.0,0.5
-2,68000,2005.0,2004,2006,2,1.0839741694335159,-3.0,1.5
-2,68100,2003.5,2002,2005,3,1.6807736313968786,-2.5,1.5
-2,68200,2005.5,2005,2006,1,1.1510864433217092,-1.0,2.0
-2,68300,2004.5,2003,2006,3,1.1180339887494533,-0.5,1.0
-2,68400,2002.5,2001,2004,3,1.2041594578788295,-1.0,2.0
-2,68500,2003.0,2001,2005,4,1.2041594578788295,-2.5,0.5
-2,68600,2004.5,2003,2006,3,1.2247448713911975,0.0,1.5
-2,68700,2003.5,2002,2005,3,0.8944271909993781,1.0,1.0
-2,68800,2002.0,2001,2003,2,0.9617692030830375,-1.0,1.5
-2,68900,2005.5,2005,2006,1,1.3509256086102492,1.0,3.5
-2,69000,2003.5,2002,2005,3,1.3038404810401303,0.0,2.0
-2,69100,2003.5,2002,2005,3,1.2449899597984497,1.5,0.0
-2,69200,2004.5,2004,2005,1,1.3038404810401303,-1.0,1.0
-2,69300,2006.5,2006,2007,1,1.3038404810401303,3.0,2.0
-2,69400,2006.5,2006,2007,1,1.5165750888099554,3.0,0.0
-2,69500,2006.0,2004,2008,4,1.3416407864994517,1.5,0.5
-2,69600,2006.5,2005,2008,3,0.8660254037837536,0.0,0.5
-2,69700,2005.5,2004,2007,3,0.44721359549864237,-1.0,1.0
-2,69800,2006.5,2006,2007,1,0.44721359549864237,0.5,1.0
-2,69900,2004.5,2003,2006,3,0.8366600265333639,-2.0,2.0
-2,70000,2004.5,2003,2006,3,0.9999999999994031,-1.0,0.0
-2,70100,2004.0,2002,2006,4,0.9999999999994031,-2.5,0.5
-2,70200,2005.5,2005,2006,1,0.9999999999994031,1.0,1.5
-2,70300,2004.5,2003,2006,3,0.5477225575040738,0.0,1.0
-2,70400,2004.5,2003,2006,3,0.5477225575040738,0.5,0.0
-2,70500,2004.5,2003,2006,3,0.5477225575040738,-1.0,0.0
-2,70600,2005.5,2004,2007,3,0.5477225575040738,1.0,1.0
-2,70700,2005.5,2004,2007,3,0.5477225575040738,1.0,0.0
-2,70800,2006.5,2005,2008,3,0.8366600265333639,2.0,1.0
-2,70900,2006.5,2005,2008,3,0.8366600265333639,1.0,0.0
-2,71000,2006.5,2005,2008,3,0.5477225575040738,1.0,0.0
-2,71100,2006.5,2005,2008,3,0.44721359549864237,0.0,0.0
-2,71200,2006.0,2005,2007,2,0.22360679774739872,-0.5,0.5
-2,71300,2006.5,2005,2008,3,0.22360679774739872,0.0,0.5
-2,71400,2007.5,2006,2009,3,0.5477225575041387,1.0,1.0
-2,71500,2004.5,2003,2006,3,1.0954451150098308,-1.5,3.0
-2,71600,2005.0,2003,2007,4,1.1937336386308846,-1.5,0.5
-2,71700,2006.0,2004,2008,4,1.1937336386308846,-1.5,1.0
-2,71800,2007.5,2007,2008,1,1.3874436925507962,3.0,1.5
-2,71900,2004.5,2004,2005,1,1.2747548783977838,-0.5,3.0
-2,72000,2006.0,2004,2008,4,1.1510864433216783,0.0,1.5
-2,72100,2005.5,2005,2006,1,1.0839741694334668,-2.0,0.5
-2,72200,2004.5,2003,2006,3,1.2449899597984497,0.0,1.0
-2,72300,2004.5,2003,2006,3,0.7071067811857638,-1.5,0.0
-2,72400,2004.5,2003,2006,3,0.7071067811857638,-1.0,0.0
-2,72500,2004.0,2003,2005,2,0.5477225575041387,-0.5,0.5
-2,72600,2005.0,2004,2006,2,0.35355339059164587,0.5,1.0
-2,72700,2005.0,2003,2007,4,0.41833001326567554,0.5,0.0
-2,72800,2005.5,2004,2007,3,0.5700877125485806,1.5,0.5
-2,72900,2005.0,2004,2006,2,0.5477225575041387,0.0,0.5
-2,73000,2005.0,2003,2007,4,0.22360679774739872,0.0,0.0
-2,73100,2006.5,2005,2008,3,0.651920240519358,1.0,1.5
-2,73200,2006.5,2005,2008,3,0.7582875444043604,1.5,0.0
-2,73300,2005.5,2004,2007,3,0.7582875444043604,0.5,1.0
-2,73400,2004.5,2003,2006,3,0.8944271909992192,-2.0,1.0
-2,73500,2004.0,2002,2006,4,1.1401754250986165,-2.5,0.5
-2,73600,2005.0,2003,2007,4,0.9617692030829637,-0.5,1.0
-2,73700,2004.0,2002,2006,4,0.6519202405193308,-0.5,1.0
-2,73800,2005.0,2004,2006,2,0.49999999999875655,1.0,1.0
-2,73900,2004.0,2003,2005,2,0.5477225575040414,-1.0,1.0
-2,74000,2004.5,2003,2006,3,0.49999999999875655,0.5,0.5
-2,74100,2003.5,2002,2005,3,0.5700877125484871,-1.5,1.0
-2,74200,2004.5,2004,2005,1,0.5700877125484871,0.5,1.0
-2,74300,2004.0,2002,2006,4,0.4183300132655482,-0.5,0.5
-2,74400,2004.0,2003,2005,2,0.4183300132655482,0.5,0.0
-2,74500,2003.0,2002,2004,2,0.570087712548456,-1.5,1.0
-2,74600,2003.5,2002,2005,3,0.570087712548456,-0.5,0.5
-2,74700,2004.0,2002,2006,4,0.44721359549852324,0.0,0.5
-2,74800,2003.5,2002,2005,3,0.41833001326550573,0.5,0.5
-2,74900,2004.0,2002,2006,4,0.41833001326550573,0.5,0.5
-2,75000,2003.0,2001,2005,4,0.41833001326550573,-1.0,1.0
-2,75100,2002.5,2001,2004,3,0.6519202405193035,-1.0,0.5
-2,75200,2003.5,2002,2005,3,0.5700877125484871,-0.5,1.0
-2,75300,2002.5,2001,2004,3,0.6519202405193035,-0.5,1.0
-2,75400,2002.5,2001,2004,3,0.44721359549852324,0.0,0.0
-2,75500,2000.5,1999,2002,3,1.0954451150097335,-3.0,2.0
-2,75600,2001.5,2001,2002,1,1.140175425098554,-1.0,1.0
-2,75700,1999.5,1998,2001,3,1.303840481039994,-3.0,2.0
-2,75800,1999.5,1998,2001,3,1.303840481039994,-1.0,0.0
-2,75900,1999.5,1999,2000,1,0.8944271909991397,-2.0,0.0
-2,76000,2000.5,1999,2002,3,0.8944271909991397,1.0,1.0
-2,76100,1999.5,1998,2001,3,0.44721359549836437,0.0,1.0
-2,76200,1999.0,1998,2000,2,0.5477225575038468,-0.5,0.5
-2,76300,1998.0,1997,1999,2,0.9082951062284433,-2.5,1.0
-2,76400,1998.5,1998,1999,1,0.9617692030827975,-1.0,0.5
-2,76500,2000.0,1998,2002,4,0.7905694150411331,1.0,1.5
-2,76600,1999.0,1998,2000,2,0.7416198487085393,1.0,1.0
-2,76700,2000.0,1999,2001,2,0.8944271909990802,1.5,1.0
-2,76800,2001.5,2000,2003,3,1.1510864433215084,1.5,1.5
-2,76900,2000.5,1999,2002,3,0.9082951062284629,1.5,1.0
-2,77000,1999.5,1998,2001,3,0.9617692030828159,-0.5,1.0
-2,77100,2000.5,1999,2002,3,0.7416198487086111,-1.0,1.0
-2,77200,1999.0,1998,2000,2,0.9746794344801725,-1.5,1.5
-2,77300,1999.0,1998,2000,2,0.7582875444042433,-0.5,0.0
-2,77400,1999.5,1999,2000,1,0.6123724356946748,-1.0,0.5
-2,77500,2001.0,1999,2003,4,0.908295106228502,2.0,1.5
-2,77600,2001.0,2000,2002,2,1.024695076595279,2.0,0.0
-2,77700,1999.5,1998,2001,3,0.9354143466927257,0.0,1.5
-2,77800,2000.5,1999,2002,3,0.7582875444042199,-0.5,1.0
-2,77900,2000.5,1999,2002,3,0.6123724356946458,-0.5,0.0
-2,78000,2000.5,1999,2002,3,0.5477225575038792,1.0,0.0
-2,78100,2000.5,2000,2001,1,0.44721359549840406,0.0,0.0
-2,78200,1998.5,1997,2000,3,0.8944271909991198,-2.0,2.0
-2,78300,1998.5,1997,2000,3,1.0954451150096849,-2.0,0.0
-2,78400,1998.5,1997,2000,3,1.0954451150096849,-2.0,0.0
-2,78500,2000.5,1999,2002,3,1.0954451150096849,2.0,2.0
-2,78600,2000.5,1999,2002,3,1.0954451150096849,2.0,0.0
-2,78700,2000.5,1999,2002,3,1.0954451150096849,2.0,0.0
-2,78800,2000.5,1999,2002,3,0.8944271909991198,0.0,0.0
-2,78900,2000.5,1999,2002,3,0.0,0.0,0.0
-2,79000,2001.5,2000,2003,3,0.44721359549840406,1.0,1.0
-2,79100,2002.0,2001,2003,2,0.7071067811855628,1.5,0.5
-2,79200,2001.0,2000,2002,2,0.6519202405191946,0.5,1.0
-2,79300,2001.5,2000,2003,3,0.5700877125483625,0.0,0.5
-2,79400,2002.0,2000,2004,4,0.4183300132654208,0.0,0.5
-2,79500,2002.5,2001,2004,3,0.5700877125483936,1.5,0.5
-2,79600,2002.5,2001,2004,3,0.6519202405192218,1.0,0.0
-2,79700,2002.5,2001,2004,3,0.44721359549840406,0.5,0.0
-2,79800,2000.5,2000,2001,1,0.8660254037836305,-2.0,2.0
-2,79900,1999.5,1998,2001,3,1.4142135623726002,-3.0,1.0
-2,80000,1995.0,1993,1997,4,3.082207001484261,-7.5,4.5
-2,80100,1995.5,1995,1996,1,3.248076353782114,-5.0,0.5
-2,80200,1993.5,1992,1995,3,3.033150177620349,-6.0,2.0
-2,80300,1994.5,1993,1996,3,2.302172886643892,-0.5,1.0
-2,80400,1994.5,1994,1995,1,0.7416198487083236,-1.0,0.0
-2,80500,1994.0,1993,1995,2,0.7416198487083236,0.5,0.5
-2,80600,1995.0,1993,1997,4,0.5700877125479886,0.5,1.0
-2,80700,1996.5,1995,1998,3,0.9617692030826127,2.0,1.5
-2,80800,1996.5,1995,1998,3,1.1510864433213388,2.5,0.0
-2,80900,1995.0,1994,1996,2,1.0839741694331062,0.0,1.5
-2,81000,1995.5,1994,1997,3,0.7582875444039388,-1.0,0.5
-2,81100,1995.5,1994,1997,3,0.6708203932485515,-1.0,0.0
-2,81200,1996.5,1995,1998,3,0.6708203932485515,1.5,1.0
-2,81300,1996.5,1996,1997,1,0.6708203932485515,1.0,0.0
-2,81400,1995.5,1994,1997,3,0.5477225575034901,0.0,1.0
-2,81500,1995.0,1993,1997,4,0.6708203932485515,-1.5,0.5
-2,81600,1995.0,1994,1996,2,0.7582875444039388,-1.5,0.0
-2,81700,1996.0,1995,1997,2,0.6519202405188675,0.5,1.0
-2,81800,1994.0,1993,1995,2,0.7416198487082997,-1.0,2.0
-2,81900,1994.5,1994,1995,1,0.7416198487082997,-0.5,0.5
-2,82000,1996.0,1995,1997,2,0.8944271909988816,0.0,1.5
-2,82100,1994.5,1993,1996,3,0.9354143466924979,0.5,1.5
-2,82200,1993.5,1993,1994,1,0.9354143466924979,-1.0,1.0
-2,82300,1994.5,1993,1996,3,0.8944271909988816,-1.5,1.0
-2,82400,1992.5,1992,1993,1,1.3038404810398305,-2.0,2.0
-2,82500,1994.0,1992,1996,4,0.836660026533003,0.5,1.5
-2,82600,1994.0,1993,1995,2,0.7582875444039622,-0.5,0.0
-2,82700,1994.5,1993,1996,3,0.8215838362566361,2.0,0.5
-2,82800,1993.5,1992,1995,3,0.7582875444039622,-0.5,1.0
-2,82900,1992.5,1991,1994,3,0.7582875444039622,-1.5,1.0
-2,83000,1991.5,1990,1993,3,1.2041594578784902,-3.0,1.0
-2,83100,1993.5,1992,1995,3,1.1401754250983671,0.0,2.0
-2,83200,1994.5,1993,1996,3,1.1401754250983671,2.0,1.0
-2,83300,1993.5,1992,1995,3,1.1401754250983671,2.0,1.0
-2,83400,1994.5,1994,1995,1,1.2247448713908784,1.0,1.0
-2,83500,1993.5,1992,1995,3,0.5477225575035873,-1.0,1.0
-2,83600,1994.5,1993,1996,3,0.5477225575035873,1.0,1.0
-2,83700,1996.5,1995,1998,3,1.2247448713908784,2.0,2.0
-2,83800,1996.5,1995,1998,3,1.34164078649924,3.0,0.0
-2,83900,1997.5,1997,1998,1,1.6431676725149782,3.0,1.0
-2,84000,1997.0,1996,1998,2,1.1401754250983671,0.5,0.5
-2,84100,1998.5,1997,2000,3,0.8366600265329817,2.0,1.5
-2,84200,1999.5,1999,2000,1,1.2041594578784753,2.0,1.0
-2,84300,1999.0,1997,2001,4,1.036822067665524,2.0,0.5
-2,84400,1998.5,1997,2000,3,0.9354143466925359,0.0,0.5
-2,84500,1998.5,1997,2000,3,0.44721359549796713,-1.0,0.0
-2,84600,1998.5,1997,2000,3,0.44721359549796713,-0.5,0.0
-2,84700,2000.5,2000,2001,1,0.8660254037834049,2.0,2.0
-2,84800,1998.5,1997,2000,3,0.8944271909989213,0.0,2.0
-2,84900,1998.0,1997,1999,2,0.974679434479972,-0.5,0.5
-2,85000,1997.5,1996,1999,3,1.140175425098336,-3.0,0.5
-2,85100,1996.5,1996,1997,1,1.4832396974185251,-2.0,1.0
-2,85200,1997.0,1996,1998,2,0.7905694150409759,-1.0,0.5
-2,85300,1998.5,1997,2000,3,0.7905694150409759,1.0,1.5
-2,85400,1998.5,1997,2000,3,0.8944271909989412,2.0,0.0
-2,85500,1997.5,1996,1999,3,0.8944271909989412,0.5,1.0
-2,85600,1997.5,1996,1999,3,0.6708203932486574,-1.0,0.0
-2,85700,1997.5,1996,1999,3,0.5477225575036198,-1.0,0.0
-2,85800,1998.5,1997,2000,3,0.5477225575036198,1.0,1.0
-2,85900,1998.5,1997,2000,3,0.5477225575036198,1.0,0.0
-2,86000,1998.5,1998,1999,1,0.5477225575036198,1.0,0.0
-2,86100,1999.5,1998,2001,3,0.7071067811853617,1.0,1.0
-2,86200,2000.0,1998,2002,4,0.7071067811853617,1.5,0.5
-2,86300,1999.5,1998,2001,3,0.6708203932486838,1.0,0.5
-2,86400,2000.5,1999,2002,3,0.7416198487084434,1.0,1.0
-2,86500,2000.0,1999,2001,2,0.41833001326508107,0.0,0.5
-2,86600,2001.0,2000,2002,2,0.5700877125481132,1.5,1.0
-2,86700,2001.5,2000,2003,3,0.7905694150410433,1.0,0.5
-2,86800,2001.5,2000,2003,3,0.6519202405189766,1.5,0.0
-2,86900,2000.0,1999,2001,2,0.7582875444040325,-1.0,1.5
-2,87000,2001.0,2000,2002,2,0.6123724356944138,-0.5,1.0
-2,87100,2002.0,2001,2003,2,0.7582875444040325,0.5,1.0
-2,87200,2000.5,1999,2002,3,0.7905694150410209,0.5,1.5
-2,87300,2000.0,1998,2002,4,0.8366600265330666,-1.0,0.5
-2,87400,1999.5,1998,2001,3,0.9617692030826681,-2.5,0.5
-2,87500,1999.5,1998,2001,3,1.036822067665541,-1.0,0.0
-2,87600,1999.5,1998,2001,3,0.44721359549796713,-0.5,0.0
-2,87700,1999.5,1998,2001,3,0.22360679774596878,0.0,0.0
-2,87800,1999.0,1997,2001,4,0.22360679774596878,-0.5,0.5
-2,87900,2000.0,1999,2001,2,0.35355339059074153,0.5,1.0
-2,88000,1998.5,1997,2000,3,0.5700877125479886,-1.0,1.5
-2,88100,1997.5,1996,1999,3,0.9617692030826497,-1.5,1.0
-2,88200,1998.5,1997,2000,3,0.9082951062282869,-1.5,1.0
-2,88300,1999.0,1998,2000,2,0.9082951062282869,0.5,0.5
-2,88400,1999.0,1998,2000,2,0.6123724356943847,1.5,0.0
-2,88500,1998.0,1996,2000,4,0.6519202405189494,-0.5,1.0
-2,88600,1996.5,1996,1997,1,1.0368220676655582,-2.5,1.5
-2,88700,1996.0,1995,1997,2,1.3964240043762897,-3.0,0.5
-2,88800,1994.5,1994,1995,1,1.7535677916745327,-3.5,1.5
-2,88900,1995.0,1994,1996,2,1.3693063937622822,-1.5,0.5
-2,89000,1994.0,1992,1996,4,1.0368220676655582,-2.0,1.0
-2,89100,1993.5,1993,1994,1,0.9617692030826681,-1.0,0.5
-2,89200,1994.5,1993,1996,3,0.5700877125480197,-0.5,1.0
-2,89300,1994.5,1993,1996,3,0.5700877125480197,0.5,0.0
-2,89400,1994.5,1994,1995,1,0.44721359549796713,1.0,0.0
-2,89500,1994.5,1993,1996,3,0.44721359549796713,0.0,0.0
-2,89600,1994.0,1992,1996,4,0.22360679774604822,-0.5,0.5
-2,89700,1993.0,1992,1994,2,0.6519202405188949,-1.5,1.0
-2,89800,1994.5,1993,1996,3,0.6519202405188949,0.0,1.5
-2,89900,1994.5,1993,1996,3,0.6519202405188949,0.5,0.0
-2,90000,1994.5,1993,1996,3,0.6519202405188949,1.5,0.0
-2,90100,1993.0,1991,1995,4,0.8215838362566794,-1.5,1.5
-2,90200,1993.5,1992,1995,3,0.7071067811852865,-1.0,0.5
-2,90300,1994.0,1993,1995,2,0.6519202405188949,-0.5,0.5
-2,90400,1995.5,1994,1997,3,0.9617692030826681,2.5,1.5
-2,90500,1994.5,1993,1996,3,0.9617692030826681,1.0,1.0
-2,90600,1995.5,1995,1996,1,0.8944271909989808,1.5,1.0
-2,90700,1994.5,1993,1996,3,0.6708203932487103,-1.0,1.0
-2,90800,1994.5,1994,1995,1,0.5477225575036846,0.0,0.0
-2,90900,1994.0,1993,1995,2,0.5477225575036846,-1.5,0.5
-2,91000,1994.5,1993,1996,3,0.5477225575036846,0.0,0.5
-2,91100,1993.0,1992,1994,2,0.6519202405189766,-1.5,1.5
-2,91200,1992.5,1991,1994,3,0.908295106228326,-1.5,0.5
-2,91300,1992.5,1991,1994,3,0.908295106228326,-2.0,0.0
-2,91400,1991.5,1990,1993,3,1.0954451150095552,-1.5,1.0
-2,91500,1990.0,1989,1991,2,1.1937336386306316,-2.5,1.5
-2,91600,1991.0,1990,1992,2,1.0606601717790476,-1.5,1.0
-2,91700,1990.5,1989,1992,3,0.9617692030827051,-1.0,0.5
-2,91800,1991.5,1990,1993,3,0.6519202405189494,1.5,1.0
-2,91900,1991.5,1990,1993,3,0.6519202405189494,0.5,0.0
-2,92000,1992.0,1990,1994,4,0.5700877125480509,1.5,0.5
-2,92100,1993.5,1992,1995,3,1.0954451150095552,2.0,1.5
-2,92200,1991.0,1990,1992,2,0.9617692030827051,-0.5,2.5
-2,92300,1991.5,1990,1993,3,0.9617692030827051,-0.5,0.5
-2,92400,1990.5,1990,1991,1,1.1510864433214159,-3.0,1.0
-2,92500,1990.5,1989,1992,3,1.2449899597982215,-0.5,0.0
-2,92600,1989.0,1988,1990,2,0.9354143466926498,-2.5,1.5
-2,92700,1990.5,1989,1992,3,0.8944271909990404,0.0,1.5
-2,92800,1991.0,1989,1993,4,0.7582875444041496,0.5,0.5
-2,92900,1992.0,1990,1994,4,1.0839741694332536,3.0,1.0
-2,93000,1993.0,1992,1994,2,1.5165750888098384,2.5,1.0
-2,93100,1993.5,1993,1994,1,1.2747548783976583,2.5,0.5
-2,93200,1994.0,1993,1995,2,1.2041594578786525,2.0,0.5
-2,93300,1996.5,1995,1998,3,1.6807736313967518,3.5,2.5
-2,93400,1994.5,1993,1996,3,1.350925608610131,1.0,2.0
-2,93500,1994.5,1993,1996,3,1.140175425098554,0.5,0.0
-2,93600,1994.0,1993,1995,2,1.0368220676657638,-2.5,0.5
-2,93700,1996.5,1995,1998,3,1.204159457878682,2.0,2.5
-2,93800,1998.0,1997,1999,2,1.6955824957809336,3.5,1.5
-2,93900,1998.5,1997,2000,3,2.0186629238183205,4.5,0.5
-2,94000,1997.5,1996,1999,3,1.7818529681201924,1.0,1.0
-2,94100,1999.5,1999,2000,1,1.1180339887492943,1.5,2.0
-2,94200,1999.0,1997,2001,4,0.7905694150412454,0.5,0.5
-2,94300,1997.5,1997,1998,1,0.8944271909991794,0.0,1.5
-2,94400,1998.5,1997,2000,3,0.8944271909991794,-1.0,1.0
-2,94500,1999.0,1997,2001,4,0.7582875444042667,0.0,0.5
-2,94600,2000.0,1999,2001,2,0.9082951062285215,2.5,1.0
-2,94700,1997.5,1996,1999,3,1.0606601717791984,-1.0,2.5
-2,94800,1997.5,1996,1999,3,1.0606601717791984,-1.5,0.0
-2,94900,1997.5,1996,1999,3,1.1510864433215549,-2.5,0.0
-2,95000,1998.5,1997,2000,3,1.0954451150097173,1.0,1.0
-2,95100,1998.0,1997,1999,2,0.4472135954984835,0.5,0.5
-2,95200,1998.5,1997,2000,3,0.4999999999986855,1.0,0.5
-2,95300,1997.5,1996,1999,3,0.4999999999986855,-1.0,1.0
-2,95400,1998.5,1997,2000,3,0.4472135954984835,0.5,1.0
-2,95500,1998.5,1997,2000,3,0.4472135954984835,0.0,0.0
-2,95600,1999.5,1999,2000,1,0.707106781185613,2.0,1.0
-2,95700,1998.5,1997,2000,3,0.707106781185613,0.0,1.0
-2,95800,1996.0,1994,1998,4,1.303840481040035,-2.5,2.5
-2,95900,1995.0,1994,1996,2,1.9039432764656394,-4.5,1.0
-2,96000,1996.5,1995,1998,3,1.8506755523318226,-2.0,1.5
-2,96100,1997.0,1995,1999,4,1.294217910553953,1.0,0.5
-2,96200,1997.5,1996,1999,3,0.9617692030828159,2.5,0.5
-2,96300,1998.0,1996,2000,4,1.1510864433215084,1.5,0.5
-2,96400,1998.5,1997,2000,3,0.7905694150412006,1.5,0.5
-2,96500,1998.5,1997,2000,3,0.6519202405191673,1.0,0.0
-2,96600,1998.0,1996,2000,4,0.4183300132652934,0.0,0.5
-2,96700,1998.5,1997,2000,3,0.2738612787499548,0.0,0.5
-2,96800,1999.5,1999,2000,1,0.5477225575038792,1.0,1.0
-2,96900,1998.5,1997,2000,3,0.5477225575038792,0.5,1.0
-2,97000,1995.5,1995,1996,1,1.499999999999531,-3.0,3.0
-2,97100,1998.0,1997,1999,2,1.499999999999531,-1.5,2.5
-2,97200,1998.0,1996,2000,4,1.4747881203747846,-0.5,0.0
-2,97300,1997.5,1996,1999,3,1.1726039399552757,2.0,0.5
-2,97400,1999.5,1998,2001,3,1.440486029088311,1.5,2.0
-2,97500,1999.5,1999,2000,1,0.9354143466927257,1.5,0.0
-2,97600,1998.5,1997,2000,3,0.8944271909991198,1.0,1.0
-2,97700,1999.0,1997,2001,4,0.8366600265332365,-0.5,0.5
-2,97800,1998.5,1997,2000,3,0.49999999999861444,-1.0,0.5
-2,97900,1998.5,1997,2000,3,0.44721359549840406,0.0,0.0
-2,98000,1997.5,1996,1999,3,0.5477225575039116,-1.5,1.0
-2,98100,1999.0,1998,2000,2,0.6123724356946748,0.5,1.5
-2,98200,1997.0,1996,1998,2,0.8215838362568956,-1.5,2.0
-2,98300,1997.0,1996,1998,2,0.9082951062284629,-0.5,0.0
-2,98400,1997.5,1996,1999,3,0.8215838362568739,-1.5,0.5
-2,98500,1998.5,1998,1999,1,0.9082951062284629,1.5,1.0
-2,98600,1997.5,1996,1999,3,0.6123724356946169,0.5,1.0
-2,98700,1997.5,1996,1999,3,0.5477225575038468,0.0,0.0
-2,98800,1999.5,1998,2001,3,0.8944271909991397,1.0,2.0
-2,98900,2000.0,1999,2001,2,1.140175425098554,2.5,0.5
-2,99000,1999.0,1998,2000,2,1.1510864433215549,1.5,1.0
-2,99100,1999.0,1998,2000,2,0.9354143466927637,-0.5,0.0
-2,99200,1999.5,1999,2000,1,0.4183300132654208,-0.5,0.5
-2,99300,1997.5,1997,1998,1,0.9354143466927637,-1.5,2.0
-2,99400,1999.5,1998,2001,3,0.8215838362569172,0.5,2.0
-2,99500,1999.5,1999,2000,1,0.866025403783651,0.0,0.0
-2,99600,1996.5,1995,1998,3,1.4142135623726126,-1.0,3.0
-2,99700,1996.5,1995,1998,3,1.5165750888098735,-3.0,0.0
-2,99800,1995.5,1995,1996,1,1.8708286933866136,-4.0,1.0
-2,99900,1996.5,1995,1998,3,1.5165750888098735,0.0,1.0
-2,100000,1997.5,1996,1999,3,0.7071067811856633,1.0,1.0
-2,100100,1996.5,1995,1998,3,0.7071067811856633,1.0,1.0
-2,100200,1995.5,1994,1997,3,0.8366600265333214,-1.0,1.0
-2,100300,1993.5,1992,1995,3,1.5165750888099203,-4.0,2.0
-2,100400,1996.5,1996,1997,1,1.5165750888099203,0.0,3.0
-2,100500,1996.0,1994,1998,4,1.2449899597984213,0.5,0.5
-2,100600,1996.5,1995,1998,3,1.2449899597984213,3.0,0.5
-2,100700,1996.5,1995,1998,3,1.303840481040103,0.0,0.0
-2,100800,1997.5,1996,1999,3,0.5477225575042035,1.5,1.0
-2,100900,1996.5,1995,1998,3,0.5477225575042035,0.0,1.0
-2,101000,1996.0,1994,1998,4,0.5477225575042035,-0.5,0.5
-2,101100,1997.0,1996,1998,2,0.570087712548643,-0.5,1.0
-2,101200,1996.5,1995,1998,3,0.570087712548643,0.0,0.5
-2,101300,1998.0,1997,1999,2,0.7582875444044775,2.0,1.5
-2,101400,1998.0,1996,2000,4,0.8944271909993582,1.0,0.0
-2,101500,1999.0,1998,2000,2,0.9746794344803912,2.5,1.0
-2,101600,1999.0,1997,2001,4,1.024695076595487,1.0,0.0
-2,101700,2000.5,1999,2002,3,1.024695076595487,2.5,1.5
-2,101800,1999.5,1998,2001,3,0.9082951062286976,0.5,1.0
-2,101900,1999.5,1998,2001,3,0.6123724356949649,0.5,0.0
-2,102000,1999.5,1998,2001,3,0.5477225575042359,-1.0,0.0
-2,102100,1998.0,1997,1999,2,0.8944271909993781,-1.5,1.5
-2,102200,1999.5,1998,2001,3,0.6708203932492399,0.0,1.5
-2,102300,1999.5,1998,2001,3,0.6708203932492399,0.0,0.0
-2,102400,1999.0,1998,2000,2,0.6519202405195488,1.0,0.5
-2,102500,2001.5,2001,2002,1,1.2747548783978255,2.0,2.5
-2,102600,2000.5,1999,2002,3,0.9999999999995275,1.0,1.0
-2,102700,1999.5,1998,2001,3,0.9999999999995275,0.5,1.0
-2,102800,1999.5,1998,2001,3,0.9999999999995275,-2.0,0.0
-2,102900,1999.5,1998,2001,3,0.8944271909993781,-1.0,0.0
-2,103000,2000.0,1999,2001,2,0.447213595498841,0.5,0.5
-2,103100,2000.5,1999,2002,3,0.447213595498841,1.0,0.5
-2,103200,2001.5,2000,2003,3,0.83666002653347,2.0,1.0
-2,103300,2003.5,2003,2004,1,1.581138830083866,3.5,2.0
-2,103400,2003.0,2002,2004,2,1.524795068197349,2.5,0.5
-2,103500,2002.5,2001,2004,3,1.2041594578787853,1.0,0.5
-2,103600,2003.5,2003,2004,1,0.8366600265334275,0.0,1.0
-2,103700,2003.5,2002,2005,3,0.44721359549876155,0.5,0.0
-2,103800,2003.5,2002,2005,3,0.44721359549876155,1.0,0.0
-2,103900,2002.5,2001,2004,3,0.5477225575041711,-1.0,1.0
-2,104000,2002.5,2001,2004,3,0.5477225575041711,-1.0,0.0
-2,104100,2000.5,2000,2001,1,1.2247448713911395,-3.0,2.0
-2,104200,2001.5,2000,2003,3,1.1401754250986476,-1.0,1.0
-2,104300,2001.5,2000,2003,3,0.8366600265333851,-1.0,0.0
-2,104400,2003.0,2002,2004,2,0.9746794344803182,2.5,1.5
-2,104500,2002.5,2001,2004,3,0.9746794344803182,1.0,0.5
-2,104600,2002.5,2001,2004,3,0.6708203932491076,1.0,0.0
-2,104700,2001.5,2000,2003,3,0.6708203932491076,-1.5,1.0
-2,104800,2002.0,2001,2003,2,0.5700877125485806,-0.5,0.5
-2,104900,2002.5,2002,2003,1,0.4472135954986821,0.0,0.5
-2,105000,2001.5,2000,2003,3,0.49999999999886313,0.0,1.0
-2,105100,1999.5,1998,2001,3,1.140175425098663,-2.5,2.0
-2,105200,1999.5,1998,2001,3,1.4142135623727132,-3.0,0.0
-2,105300,1999.5,1998,2001,3,1.4142135623727132,-2.0,0.0
-2,105400,1999.0,1998,2000,2,0.9746794344803366,-0.5,0.5
-2,105500,1999.5,1998,2001,3,0.22360679774747816,0.0,0.5
-2,105600,1999.0,1998,2000,2,0.27386127875053856,-0.5,0.5
-2,105700,2000.5,1999,2002,3,0.6123724356948779,1.5,1.5
-2,105800,1999.5,1999,2000,1,0.6123724356948779,0.0,1.0
-2,105900,2000.0,1998,2002,4,0.5700877125485806,1.0,0.5
-2,106000,2000.0,1998,2002,4,0.5700877125485806,-0.5,0.0
-2,106100,1999.0,1997,2001,4,0.5700877125485806,-0.5,1.0
-2,106200,2000.5,1999,2002,3,0.5700877125485806,0.5,1.5
-2,106300,1999.5,1998,2001,3,0.5700877125485806,-0.5,1.0
-2,106400,2000.5,1999,2002,3,0.6519202405193854,1.5,1.0
-2,106500,2000.0,1998,2002,4,0.6519202405193854,-0.5,0.5
-2,106600,2001.5,2000,2003,3,0.7416198487087547,2.0,1.5
-2,106700,2000.0,1999,2001,2,0.7582875444043604,-0.5,1.5
-2,106800,2000.5,1999,2002,3,0.6123724356948199,0.5,0.5
-2,106900,1999.5,1999,2000,1,0.7582875444043604,-2.0,1.0
-2,107000,2001.0,1999,2003,4,0.7905694150413354,1.0,1.5
-2,107100,2002.5,2002,2003,1,1.151086443321601,2.0,1.5
-2,107200,2001.0,1999,2003,4,1.0839741694333684,1.5,1.5
-2,107300,1999.0,1998,2000,2,1.3874436925506937,-2.0,2.0
-2,107400,2001.0,1999,2003,4,1.2449899597983642,-1.5,2.0
-2,107500,2000.5,1999,2002,3,1.2549900398006077,-0.5,0.5
-2,107600,1999.5,1998,2001,3,0.9082951062285411,0.5,1.0
-2,107700,2000.5,2000,2001,1,0.8215838362569821,-0.5,1.0
-2,107800,2000.5,2000,2001,1,0.5477225575040414,0.0,0.0
-2,107900,1998.5,1997,2000,3,0.8944271909992589,-1.0,2.0
-2,108000,1997.5,1996,1999,3,1.3038404810400759,-3.0,1.0
-2,108100,2000.5,1999,2002,3,1.4142135623726755,0.0,3.0
-2,108200,1999.5,1998,2001,3,1.3038404810400759,1.0,1.0
-2,108300,1999.5,1998,2001,3,1.1401754250986165,2.0,0.0
-2,108400,1999.5,1999,2000,1,1.0954451150097984,-1.0,0.0
-2,108500,1998.5,1998,1999,1,0.7071067811857387,-1.0,1.0
-2,108600,1999.5,1998,2001,3,0.4472135954986821,0.0,1.0
-2,108700,1999.0,1997,2001,4,0.4472135954986821,-0.5,0.5
-2,108800,1999.0,1998,2000,2,0.41833001326567554,0.5,0.0
-2,108900,1998.5,1997,2000,3,0.41833001326567554,-1.0,0.5
-2,109000,1998.0,1997,1999,2,0.5700877125485495,-1.0,0.5
-2,109100,2000.0,1999,2001,2,0.7416198487087547,1.0,2.0
-2,109200,1998.5,1997,2000,3,0.7582875444043604,0.0,1.5
-2,109300,1998.5,1997,2000,3,0.7582875444043604,0.5,0.0
-2,109400,1999.5,1999,2000,1,0.8215838362570037,-0.5,1.0
-2,109500,1998.5,1997,2000,3,0.7071067811856633,0.0,1.0
-2,109600,1999.0,1997,2001,4,0.44721359549856293,0.5,0.5
-2,109700,1998.5,1997,2000,3,0.44721359549856293,-1.0,0.5
-2,109800,1998.5,1997,2000,3,0.44721359549856293,0.0,0.0
-2,109900,1999.0,1998,2000,2,0.2738612787502791,0.0,0.5
-2,110000,2000.5,1999,2002,3,0.8215838362570037,2.0,1.5
-2,110100,2001.5,2001,2002,1,1.3416407864994384,3.0,1.0
-2,110200,2000.5,1999,2002,3,1.2247448713911249,1.5,1.0
-2,110300,2000.5,1999,2002,3,0.8944271909992788,0.0,0.0
-2,110400,2001.0,1999,2003,4,0.44721359549864237,-0.5,0.5
-2,110500,2001.0,1999,2003,4,0.41833001326563307,0.5,0.0
-2,110600,2000.5,1999,2002,3,0.2738612787504737,0.0,0.5
-2,110700,2001.5,2000,2003,3,0.41833001326563307,0.5,1.0
-2,110800,2001.0,1999,2003,4,0.35355339059159563,0.0,0.5
-2,110900,1999.5,1998,2001,3,0.7582875444043838,-1.0,1.5
-2,111000,2000.0,1998,2002,4,0.7905694150413578,-1.5,0.5
-2,111100,1999.5,1998,2001,3,0.9082951062285998,-1.5,0.5
-2,111200,2000.5,2000,2001,1,0.651920240519358,1.0,1.0
-2,111300,2003.5,2003,2004,1,1.6733200530678147,3.5,3.0
-2,111400,2002.0,2000,2004,4,1.6355427233792859,2.5,1.5
-2,111500,2001.0,2000,2002,2,1.524795068197349,0.5,1.0
-2,111600,2001.0,2000,2002,2,1.1937336386308994,-2.5,0.0
-2,111700,2002.5,2001,2004,3,1.060660171779349,0.5,1.5
-2,111800,2002.5,2001,2004,3,0.758287544404501,1.5,0.0
-2,111900,2002.5,2001,2004,3,0.8215838362571334,1.5,0.0
-2,112000,2003.0,2002,2004,2,0.7582875444044775,0.5,0.5
-2,112100,2002.5,2001,2004,3,0.2236067977477165,0.0,0.5
-2,112200,2003.5,2002,2005,3,0.447213595498841,1.0,1.0
-2,112300,2000.5,1999,2002,3,1.1401754250987255,-2.5,3.0
-2,112400,2001.5,2001,2002,1,1.2041594578788442,-1.0,1.0
-2,112500,2000.0,1998,2002,4,1.4317821063272993,-3.5,1.5
-2,112600,2000.0,1999,2001,2,1.4747881203749171,-0.5,0.0
-2,112700,2000.0,1998,2002,4,0.6519202405194398,-1.5,0.0
-2,112800,2000.0,1999,2001,2,0.670820393249134,0.0,0.0
-2,112900,2000.0,1999,2001,2,0.0,0.0,0.0
-2,113000,2001.5,2000,2003,3,0.670820393249134,1.5,1.5
-2,113100,2002.5,2002,2003,1,1.1510864433216783,2.5,1.0
-2,113200,2001.0,1999,2003,4,1.0606601717793323,1.0,1.5
-2,113300,2001.0,2000,2002,2,0.908295106228678,-0.5,0.0
-2,113400,2001.0,2000,2002,2,0.6519202405194671,-1.5,0.0
-2,113500,2000.5,1999,2002,3,0.7582875444044775,-0.5,0.5
-2,113600,2000.0,1998,2002,4,0.447213595498841,-1.0,0.5
-2,113700,2000.5,2000,2001,1,0.4183300132658454,-0.5,0.5
-2,113800,2001.0,2000,2002,2,0.4183300132658454,0.5,0.5
-2,113900,2002.5,2001,2004,3,0.961769203083019,2.5,1.5
-2,114000,2001.5,2000,2003,3,0.961769203083019,1.0,1.0
-2,114100,2003.5,2003,2004,1,1.2041594578788146,2.5,2.0
-2,114200,2001.5,2000,2003,3,0.9999999999995097,-1.0,2.0
-2,114300,2002.0,2000,2004,4,0.8366600265334913,0.5,0.5
-2,114400,2001.0,2000,2002,2,0.9617692030830745,-2.5,1.0
-2,114500,2001.0,2000,2002,2,1.036822067665918,-0.5,0.0
-2,114600,2000.5,1999,2002,3,0.5700877125487053,-1.5,0.5
-2,114700,2000.5,1999,2002,3,0.6123724356949939,-0.5,0.0
-2,114800,1999.0,1998,2000,2,0.8215838362571767,-2.0,1.5
-2,114900,2000.5,1999,2002,3,0.7582875444045478,0.0,1.5
-2,115000,2000.5,1999,2002,3,0.6708203932492399,0.0,0.0
-2,115100,2001.0,2000,2002,2,0.7582875444045478,2.0,0.5
-2,115200,2001.5,2000,2003,3,0.9354143466929916,1.0,0.5
-2,115300,2000.5,1999,2002,3,0.4472135954989204,0.0,1.0
-2,115400,2000.5,1999,2002,3,0.4472135954989204,-0.5,0.0
-2,115500,2000.5,1999,2002,3,0.4472135954989204,-1.0,0.0
-2,115600,2000.5,1999,2002,3,0.4472135954989204,0.0,0.0
-2,115700,1999.0,1998,2000,2,0.6708203932492665,-1.5,1.5
-2,115800,2000.5,2000,2001,1,0.6708203932492665,0.0,1.5
-2,115900,2000.5,1999,2002,3,0.6708203932492665,0.0,0.0
-2,116000,1999.0,1998,2000,2,0.8215838362572199,0.0,1.5
-2,116100,2000.5,1999,2002,3,0.8215838362572199,0.0,1.5
-2,116200,1999.5,1998,2001,3,0.7071067811859144,-1.0,1.0
-2,116300,2000.5,1999,2002,3,0.7071067811859144,1.5,1.0
-2,116400,2000.0,1999,2001,2,0.6519202405195761,-0.5,0.5
-2,116500,2001.5,2000,2003,3,0.7416198487089225,2.0,1.5
-2,116600,1999.5,1999,2000,1,0.8366600265335125,-1.0,2.0
-2,116700,2002.5,2002,2003,1,1.2041594578788442,2.5,3.0
-2,116800,2001.5,2000,2003,3,1.224744871391212,0.0,1.0
-2,116900,2000.5,2000,2001,1,1.1401754250987255,1.0,1.0
-2,117000,2001.0,2000,2002,2,1.118033988749469,-1.5,0.5
-2,117100,2001.0,2000,2002,2,0.7582875444045244,-0.5,0.0
-2,117200,2001.5,2000,2003,3,0.41833001326588787,1.0,0.5
-2,117300,2002.0,2001,2003,2,0.5700877125487053,1.0,0.5
-2,117400,2002.5,2001,2004,3,0.6519202405195216,1.5,0.5
-2,117500,2002.5,2001,2004,3,0.6519202405195216,1.0,0.0
-2,117600,2002.5,2001,2004,3,0.447213595498841,0.5,0.0
-2,117700,2004.0,2003,2005,2,0.7582875444044775,1.5,1.5
-2,117800,2001.5,2001,2002,1,0.8944271909993184,-1.0,2.5
-2,117900,2003.0,2001,2005,4,0.9082951062286584,0.5,1.5
-2,118000,2003.5,2002,2005,3,0.9617692030830006,-0.5,0.5
-2,118100,2003.5,2002,2005,3,0.9617692030830006,2.0,0.0
-2,118200,2004.0,2003,2005,2,0.9617692030830006,1.0,0.5
-2,118300,2003.5,2003,2004,1,0.35355339059179663,0.0,0.5
-2,118400,2003.5,2002,2005,3,0.22360679774763706,0.0,0.0
-2,118500,2002.0,2001,2003,2,0.7582875444044541,-2.0,1.5
-2,118600,2002.5,2001,2004,3,0.8215838362570902,-1.0,0.5
-2,118700,2003.0,2001,2005,4,0.6519202405194126,-0.5,0.5
-2,118800,2002.5,2001,2004,3,0.5700877125486118,0.5,0.5
-2,118900,2001.5,2000,2003,3,0.5700877125486118,-1.0,1.0
-2,119000,2001.0,2000,2002,2,0.8215838362570685,-2.0,0.5
-2,119100,2003.0,2001,2005,4,0.9082951062286193,0.5,2.0
-2,119200,2002.5,2001,2004,3,0.8215838362570685,1.0,0.5
-2,119300,2002.0,2000,2004,4,0.7905694150413803,1.0,0.5
-2,119400,2002.5,2001,2004,3,0.7582875444044073,-0.5,0.5
-2,119500,2002.5,2001,2004,3,0.35355339059164587,0.0,0.0
-2,119600,2002.5,2001,2004,3,0.22360679774739872,0.5,0.0
-2,119700,2002.5,2001,2004,3,0.22360679774739872,0.0,0.0
-2,119800,2002.5,2001,2004,3,0.0,0.0,0.0
-2,119900,2001.0,2000,2002,2,0.670820393249081,-1.5,1.5
-2,120000,2000.0,1999,2001,2,1.1510864433216474,-2.5,1.0
-2,120100,1999.5,1998,2001,3,1.387443692550745,-3.0,0.5
-2,120200,1998.5,1998,1999,1,1.5247950681972908,-2.5,1.0
-2,120300,2000.5,1999,2002,3,0.9617692030829083,0.5,2.0
-2,120400,2000.5,1999,2002,3,0.8366600265333426,1.0,0.0
-2,120500,2000.5,1999,2002,3,0.8944271909992192,2.0,0.0
-2,120600,2000.5,1999,2002,3,0.8944271909992192,0.0,0.0
-2,120700,2001.5,2000,2003,3,0.4472135954986027,1.0,1.0
-2,120800,2001.0,2000,2002,2,0.4472135954986027,0.5,0.5
-2,120900,1998.0,1997,1999,2,1.3509256086101704,-2.5,3.0
-2,121000,1999.5,1998,2001,3,1.3874436925507065,-2.0,1.5
-2,121100,1998.5,1997,2000,3,1.524795068197279,-2.5,1.0
-2,121200,1998.5,1997,2000,3,1.1937336386308102,0.5,0.0
-2,121300,1997.5,1996,1999,3,0.7416198487087069,-2.0,1.0
-2,121400,1997.0,1996,1998,2,0.9746794344802454,-1.5,0.5
-2,121500,1995.0,1993,1997,4,1.4404860290883479,-3.5,2.0
-2,121600,1995.5,1994,1997,3,1.4404860290883479,-2.0,0.5
-2,121700,1996.5,1995,1998,3,1.0368220676657809,-0.5,1.0
-2,121800,1994.0,1993,1995,2,1.1937336386307804,-1.0,2.5
-2,121900,1995.5,1994,1997,3,0.908295106228502,0.0,1.5
-2,122000,1995.5,1994,1997,3,0.8944271909991596,-1.0,0.0
-2,122100,1995.0,1994,1996,2,0.908295106228502,1.0,0.5
-2,122200,1995.5,1994,1997,3,0.6519202405192218,0.0,0.5
-2,122300,1996.0,1995,1997,2,0.3535533905913947,0.5,0.5
-2,122400,1996.0,1995,1997,2,0.41833001326546326,1.0,0.0
-2,122500,1996.0,1995,1997,2,0.4472135954984835,0.5,0.0
-2,122600,1997.5,1996,1999,3,0.7582875444042667,1.5,1.5
-2,122700,1998.5,1997,2000,3,1.1510864433215549,2.5,1.0
-2,122800,1998.5,1997,2000,3,1.2549900398005935,2.5,0.0
-2,122900,1999.0,1998,2000,2,1.1937336386307804,1.5,0.5
-2,123000,1999.5,1998,2001,3,0.7416198487086589,1.0,0.5
-2,123100,1998.5,1998,1999,1,0.4472135954984835,0.0,1.0
-2,123200,2000.5,2000,2001,1,0.836660026533279,1.5,2.0
-2,123300,2000.5,2000,2001,1,0.8944271909991794,1.0,0.0
-2,123400,2000.5,1999,2002,3,0.8944271909991794,2.0,0.0
-2,123500,2001.5,2000,2003,3,1.0954451150097335,1.0,1.0
-2,123600,2002.0,2000,2004,4,0.7071067811856381,1.5,0.5
-2,123700,2002.5,2001,2004,3,0.8944271909991794,2.0,0.5
-2,123800,2002.0,2000,2004,4,0.7582875444042667,0.5,0.5
-2,123900,2003.0,2002,2004,2,0.5700877125483625,1.0,1.0
-2,124000,2003.5,2003,2004,1,0.6519202405192218,1.0,0.5
-2,124100,2001.5,2000,2003,3,0.7905694150412454,-0.5,2.0
-2,124200,2001.0,2000,2002,2,1.0368220676657467,-2.0,0.5
-2,124300,2001.5,2000,2003,3,1.0839741694333191,-2.0,0.5
-2,124400,2002.0,2000,2004,4,0.9617692030828529,0.5,0.5
-2,124500,2001.0,1999,2003,4,0.41833001326546326,0.0,1.0
-2,124600,2001.5,2000,2003,3,0.41833001326546326,0.0,0.5
-2,124700,2000.5,1999,2002,3,0.5700877125483936,-1.5,1.0
-2,124800,2001.0,1999,2003,4,0.5700877125483936,0.0,0.5
-2,124900,2000.5,1999,2002,3,0.41833001326546326,-1.0,0.5
-2,125000,2001.5,2000,2003,3,0.4999999999986855,1.0,1.0
-2,125100,2001.5,2000,2003,3,0.4999999999986855,0.5,0.0
-2,125200,2000.0,1999,2001,2,0.6519202405192763,-0.5,1.5
-2,125300,1999.5,1998,2001,3,0.8944271909991794,-2.0,0.5
-2,125400,1999.0,1998,2000,2,1.1510864433215549,-2.5,0.5
-2,125500,1999.5,1998,2001,3,0.9617692030828713,-0.5,0.5
-2,125600,1999.0,1998,2000,2,0.41833001326550573,-0.5,0.5
-2,125700,2000.5,1999,2002,3,0.6123724356947619,1.5,1.5
-2,125800,2001.5,2000,2003,3,1.0839741694333356,2.0,1.0
-2,125900,2000.5,1999,2002,3,0.974679434480209,1.5,1.0
-2,126000,2001.5,2000,2003,3,1.0246950765953136,1.0,1.0
-2,126100,2001.0,1999,2003,4,0.499999999998721,-0.5,0.5
-2,126200,2001.5,2000,2003,3,0.44721359549852324,1.0,0.5
-2,126300,2000.5,1999,2002,3,0.499999999998721,-1.0,1.0
-2,126400,2001.5,2000,2003,3,0.44721359549852324,0.5,1.0
-2,126500,2002.5,2001,2004,3,0.7416198487086829,1.0,1.0
-2,126600,2001.0,2000,2002,2,0.7416198487086829,0.5,1.5
-2,126700,2001.5,2000,2003,3,0.7416198487086829,0.0,0.5
-2,126800,2002.5,2001,2004,3,0.6708203932489487,0.0,1.0
-2,126900,2002.5,2001,2004,3,0.707106781185613,1.5,0.0
-2,127000,2004.0,2002,2006,4,1.1510864433215702,2.5,1.5
-2,127100,2003.5,2002,2005,3,0.9746794344802454,1.0,0.5
-2,127200,2003.5,2002,2005,3,0.6708203932490017,1.0,0.0
-2,127300,2003.5,2002,2005,3,0.547722557504009,-0.5,0.0
-2,127400,2003.5,2002,2005,3,0.22360679774708095,0.0,0.0
-2,127500,2002.0,2001,2003,2,0.6708203932489751,-1.5,1.5
-2,127600,2002.5,2002,2003,1,0.7071067811856381,-1.0,0.5
-2,127700,2004.0,2003,2005,2,0.8215838362569821,0.5,1.5
-2,127800,2003.0,2002,2004,2,0.7905694150412904,1.0,1.0
-2,127900,2003.5,2002,2005,3,0.7905694150412904,1.0,0.5
-2,128000,2003.5,2002,2005,3,0.570087712548456,-0.5,0.0
-2,128100,2003.5,2002,2005,3,0.35355339059149515,0.5,0.0
-2,128200,2002.0,2000,2004,4,0.6519202405192763,-1.5,1.5
-2,128300,1999.0,1998,2000,2,1.9557607215604538,-4.5,3.0
-2,128400,1998.5,1998,1999,1,2.413503677229146,-5.0,0.5
-2,128500,2000.5,1999,2002,3,2.079663434308201,-1.5,2.0
-2,128600,2001.5,2000,2003,3,1.5247950681972442,2.5,1.0
-2,128700,2001.0,2000,2002,2,1.294217910553953,2.5,0.5
-2,128800,2002.5,2002,2003,1,1.4832396974186928,2.0,1.5
-2,128900,2002.0,2001,2003,2,0.7905694150412904,0.5,0.5
-2,129000,2000.5,1999,2002,3,0.7905694150412904,-0.5,1.5
-2,129100,2001.0,1999,2003,4,0.8215838362569821,-1.5,0.5
-2,129200,2000.5,1999,2002,3,0.9082951062285411,-1.5,0.5
-2,129300,2000.5,1999,2002,3,0.6519202405192763,0.0,0.0
-2,129400,2000.0,1998,2002,4,0.35355339059149515,-1.0,0.5
-2,129500,2000.5,1999,2002,3,0.35355339059149515,0.0,0.5
-2,129600,1998.0,1997,1999,2,1.0839741694333849,-2.5,2.5
-2,129700,1996.5,1996,1997,1,1.7818529681201924,-3.5,1.5
-2,129800,1998.5,1997,2000,3,1.604680653587717,-2.0,2.0
-2,129900,1999.0,1997,2001,4,1.4577379737108864,1.0,0.5
-2,130000,1999.5,1998,2001,3,1.1510864433215857,3.0,0.5
-2,130100,1998.5,1997,2000,3,1.1401754250985852,0.0,1.0
-2,130200,1998.5,1997,2000,3,0.4472135954984835,-0.5,0.0
-2,130300,1998.5,1997,2000,3,0.4472135954984835,-1.0,0.0
-2,130400,1997.5,1997,1998,1,0.707106781185613,-1.0,1.0
-2,130500,1997.5,1996,1999,3,0.547722557503944,-1.0,0.0
-2,130600,1998.5,1998,1999,1,0.547722557503944,0.0,1.0
-2,130700,1997.0,1995,1999,4,0.6708203932489222,-0.5,1.5
-2,130800,1995.0,1994,1996,2,1.2942179105539255,-2.5,2.0
-2,130900,1997.5,1996,1999,3,1.2942179105539255,-1.0,2.5
-2,131000,1996.0,1995,1997,2,1.3509256086100916,-1.0,1.5
-2,131100,1995.5,1995,1996,1,1.036822067665678,0.5,0.5
-2,131200,1997.0,1995,1999,4,1.036822067665678,-0.5,1.5
-2,131300,1997.5,1996,1999,3,0.9082951062284238,1.5,0.5
-2,131400,1999.5,1998,2001,3,1.5572411502392889,4.0,2.0
-2,131500,1999.0,1997,2001,4,1.6046806535876839,2.0,0.5
-2,131600,1999.0,1998,2000,2,1.08397416943327,1.5,0.0
-2,131700,1998.5,1997,2000,3,0.758287544404173,-1.0,0.5
-2,131800,1998.5,1997,2000,3,0.41833001326525093,-0.5,0.0
-2,131900,1998.5,1997,2000,3,0.2738612787498899,-0.5,0.0
-2,132000,1998.5,1997,2000,3,0.22360679774668377,0.0,0.0
-2,132100,1996.5,1996,1997,1,0.8944271909990603,-2.0,2.0
-2,132200,1998.5,1997,2000,3,0.8944271909990603,0.0,2.0
-2,132300,1999.5,1998,2001,3,1.0954451150096363,1.0,1.0
-2,132400,1999.0,1997,2001,4,1.1401754250984606,2.5,0.5
-2,132500,1999.5,1998,2001,3,1.2449899597982643,1.0,0.5
-2,132600,1998.0,1997,1999,2,0.6519202405191673,-1.5,1.5
-2,132700,1998.5,1998,1999,1,0.6519202405191673,-0.5,0.5
-2,132800,1999.5,1998,2001,3,0.6519202405191673,0.0,1.0
-2,132900,1999.0,1997,2001,4,0.6519202405191673,1.0,0.5
-2,133000,1999.5,1998,2001,3,0.6519202405191673,1.0,0.5
-2,133100,1999.0,1997,2001,4,0.4183300132652934,-0.5,0.5
-2,133200,1998.5,1997,2000,3,0.4183300132652934,-0.5,0.5
-2,133300,1998.0,1997,1999,2,0.5700877125482691,-1.5,0.5
-2,133400,1998.5,1997,2000,3,0.5700877125482691,-0.5,0.5
-2,133500,1998.0,1996,2000,4,0.4183300132652934,-0.5,0.5
-2,133600,1998.5,1997,2000,3,0.2738612787499548,0.5,0.5
-2,133700,1998.5,1997,2000,3,0.2738612787499548,0.0,0.0
-2,133800,1998.5,1997,2000,3,0.2236067977467632,0.5,0.0
-2,133900,1998.5,1997,2000,3,0.2236067977467632,0.0,0.0
-2,134000,1998.5,1997,2000,3,0.0,0.0,0.0
-2,134100,1998.5,1998,1999,1,0.0,0.0,0.0
-2,134200,1994.5,1994,1995,1,1.7888543819994394,-4.0,4.0
-2,134300,1998.5,1998,1999,1,1.7888543819994394,0.0,4.0
-2,134400,1997.0,1995,1999,4,1.7464249196569026,-1.5,1.5
-2,134500,1996.0,1994,1998,4,1.7102631376483197,1.5,1.0
-2,134600,1995.0,1993,1997,4,1.604680653587728,-3.5,1.0
-2,134700,1995.0,1994,1996,2,1.4832396974186928,-2.0,0.0
-2,134800,1994.0,1993,1995,2,1.1401754250985696,-2.0,1.0
-2,134900,1994.5,1993,1996,3,0.7416198487087309,-0.5,0.5
-2,135000,1992.5,1991,1994,3,1.036822067665815,-2.5,2.0
-2,135100,1992.5,1991,1994,3,1.151086443321632,-1.5,0.0
-2,135200,1991.5,1990,1993,3,1.2247448713911249,-3.0,1.0
-2,135300,1988.5,1987,1990,3,2.190890230020427,-4.0,3.0
-2,135400,1987.0,1985,1989,4,2.5099800796020535,-5.5,1.5
-2,135500,1985.5,1984,1987,3,2.9580398915496713,-6.0,1.5
-2,135600,1986.5,1985,1988,3,2.334523505985573,-2.0,1.0
-2,135700,1986.0,1985,1987,2,1.1510864433217554,-1.0,0.5
-2,135800,1989.0,1987,1991,4,1.3509256086103283,3.5,3.0
-2,135900,1989.5,1988,1991,3,1.8234582528808314,3.0,0.5
-2,136000,1990.0,1989,1991,2,1.8234582528808314,4.0,0.5
-2,136100,1990.0,1989,1991,2,1.6733200530678998,1.0,0.0
-2,136200,1990.0,1988,1992,4,0.4472135954989204,0.5,0.0
-2,136300,1988.5,1987,1990,3,0.6519202405195216,-1.5,1.5
-2,136400,1989.5,1988,1991,3,0.6519202405195216,-0.5,1.0
-2,136500,1987.5,1986,1989,3,1.0839741694334668,-2.5,2.0
-2,136600,1986.5,1985,1988,3,1.4317821063272869,-2.0,1.0
-2,136700,1988.5,1987,1990,3,1.1401754250987255,-1.0,2.0
-2,136800,1988.0,1987,1989,2,1.118033988749469,0.5,0.5
-2,136900,1988.5,1987,1990,3,0.8366600265335125,2.0,0.5
-2,137000,1986.5,1985,1988,3,1.024695076595487,-2.0,2.0
-2,137100,1987.0,1986,1988,2,0.9082951062287367,-1.0,0.5
-2,137200,1986.5,1986,1987,1,0.9082951062287367,-2.0,0.5
-2,137300,1989.0,1988,1990,2,1.1726039399554575,2.5,2.5
-2,137400,1988.0,1986,1990,4,1.0839741694334994,1.0,1.0
-2,137500,1989.5,1989,1990,1,1.2747548783978115,3.0,1.5
-2,137600,1987.5,1986,1989,3,1.1937336386309143,-1.5,2.0
-2,137700,1987.5,1986,1989,3,0.9082951062287171,-0.5,0.0
-2,137800,1986.5,1985,1988,3,1.0954451150098794,-3.0,1.0
-2,137900,1986.5,1985,1988,3,1.224744871391183,-1.0,0.0
-2,138000,1986.5,1985,1988,3,0.5477225575042685,-1.0,0.0
-2,138100,1987.0,1985,1989,4,0.44721359549888073,0.5,0.5
-2,138200,1987.5,1986,1989,3,0.44721359549888073,1.0,0.5
-2,138300,1989.5,1989,1990,1,1.244989959798464,3.0,2.0
-2,138400,1987.5,1986,1989,3,1.1401754250986786,0.5,2.0
-2,138500,1987.0,1986,1988,2,1.0368220676659008,-0.5,0.5
-2,138600,1988.0,1987,1989,2,0.9617692030830375,-1.5,1.0
-2,138700,1987.0,1986,1988,2,1.0368220676658837,-0.5,1.0
-2,138800,1989.5,1989,1990,1,1.0368220676658837,2.5,2.5
-2,138900,1987.5,1986,1989,3,1.0368220676658837,-0.5,2.0
-2,139000,1988.5,1988,1989,1,0.9617692030830375,1.5,1.0
-2,139100,1986.5,1985,1988,3,1.2041594578788,-3.0,2.0
-2,139200,1986.0,1985,1987,2,1.4317821063272622,-1.5,0.5
-2,139300,1986.0,1984,1988,4,1.083974169433434,-2.5,0.0
-2,139400,1987.0,1985,1989,4,1.0368220676658666,0.5,1.0
-2,139500,1988.0,1987,1989,2,0.8366600265334063,2.0,1.0
-2,139600,1987.5,1986,1989,3,0.8944271909992788,1.5,0.5
-2,139700,1987.5,1986,1989,3,0.7582875444043838,0.5,0.0
-2,139800,1989.0,1988,1990,2,0.7582875444043838,1.0,1.5
-2,139900,1989.0,1987,1991,4,0.7582875444043838,1.5,0.0
-2,140000,1989.0,1987,1991,4,0.8215838362570252,1.5,0.0
-2,140100,1987.5,1986,1989,3,0.8215838362570252,-1.5,1.5
-2,140200,1988.5,1987,1990,3,0.6519202405193308,-0.5,1.0
-2,140300,1988.5,1987,1990,3,0.6123724356947908,-0.5,0.0
-2,140400,1989.0,1988,1990,2,0.6123724356947908,1.5,0.5
-2,140500,1989.5,1988,1991,3,0.7416198487087547,1.0,0.5
-2,140600,1990.5,1989,1992,3,0.8366600265333639,2.0,1.0
-2,140700,1992.0,1991,1993,2,1.3874436925507065,3.0,1.5
-2,140800,1986.5,1985,1988,3,2.03100960115867,-3.0,5.5
-2,140900,1985.5,1984,1987,3,2.7294688127909894,-5.0,1.0
-2,141000,1986.5,1985,1988,3,2.863564212655038,-5.5,1.0
-2,141100,1986.5,1986,1987,1,2.6076809620808152,0.0,0.0
-2,141200,1988.0,1986,1990,4,0.8944271909992986,2.5,1.5
-2,141300,1988.5,1987,1990,3,1.2247448713911395,2.0,0.5
-2,141400,1985.5,1985,1986,1,1.2247448713911395,-1.0,3.0
-2,141500,1984.0,1983,1985,2,1.8371173070870839,-4.0,1.5
-2,141600,1986.5,1986,1987,1,1.8371173070870839,-2.0,2.5
-2,141700,1984.5,1984,1985,1,1.7888543819995188,-1.0,2.0
-2,141800,1985.5,1984,1987,3,0.9746794344803,1.5,1.0
-2,141900,1985.0,1983,1987,4,0.9617692030829637,-1.5,0.5
-2,142000,1986.5,1985,1988,3,0.8944271909992986,2.0,1.5
-2,142100,1989.0,1988,1990,2,1.7818529681202522,3.5,2.5
-2,142200,1989.5,1988,1991,3,2.0432816741700264,4.5,0.5
-2,142300,1989.0,1987,1991,4,1.955760721560572,2.5,0.5
-2,142400,1987.5,1986,1989,3,1.2549900398007776,-1.5,1.5
-2,142500,1985.5,1984,1987,3,1.6355427233793403,-4.0,2.0
-2,142600,1984.5,1983,1986,3,2.1679483388676775,-4.5,1.0
-2,142700,1984.5,1983,1986,3,1.9874606914349724,-3.0,0.0
-2,142800,1985.5,1985,1986,1,1.2247448713912699,0.0,1.0
-2,142900,1984.5,1983,1986,3,0.547722557504463,0.0,1.0
-2,143000,1986.5,1985,1988,3,0.8944271909995171,2.0,2.0
-2,143100,1986.5,1985,1988,3,0.9999999999996518,1.0,0.0
-2,143200,1985.0,1983,1987,4,0.8944271909995171,0.5,1.5
-2,143300,1987.5,1986,1989,3,1.224744871391299,1.0,2.5
-2,143400,1990.5,1989,1992,3,2.0493901531917347,4.0,3.0
-2,143500,1990.5,1989,1992,3,2.4494897427830216,5.5,0.0
-2,143600,1989.5,1989,1990,1,2.355843797877792,2.0,1.0
-2,143700,1990.0,1988,1992,4,1.244989959798621,-0.5,0.5
-2,143800,1988.0,1987,1989,2,1.0368220676661235,-2.5,2.0
-2,143900,1985.5,1985,1986,1,2.018662923818514,-4.0,2.5
-2,144000,1981.0,1979,1983,4,3.684426685388034,-9.0,4.5
-2,144100,1980.0,1979,1981,2,4.335896677735708,-8.0,1.0
-2,144200,1980.5,1979,1982,3,3.553167600887932,-5.0,0.5
-2,144300,1979.5,1979,1980,1,2.4135036772293668,-1.5,1.0
-2,144400,1982.5,1981,1984,3,1.151086443321956,2.5,3.0
-2,144500,1982.0,1981,1983,2,1.29421791055431,1.5,0.5
-2,144600,1983.5,1982,1985,3,1.5968719422670035,4.0,1.5
-2,144700,1983.0,1982,1984,2,1.557241150239631,0.5,0.5
-2,144800,1983.0,1982,1984,2,0.5700877125493284,1.0,0.0
-2,144900,1986.0,1984,1988,4,1.49999999999991,2.5,3.0
-2,145000,1986.0,1984,1988,4,1.5652475842497742,3.0,0.0
-2,145100,1986.5,1985,1988,3,1.746424919657218,3.5,0.5
-2,145200,1985.5,1984,1987,3,1.3874436925510394,-0.5,1.0
-2,145300,1985.0,1984,1986,2,0.5700877125492038,-1.0,0.5
-2,145400,1985.0,1984,1986,2,0.6519202405199302,-1.5,0.0
-2,145500,1985.5,1984,1987,3,0.612372435695429,0.0,0.5
-2,145600,1988.5,1987,1990,3,1.4747881203750857,3.5,3.0
-2,145700,1982.5,1981,1984,3,2.13892496362061,-2.5,6.0
-2,145800,1979.5,1979,1980,1,3.383784863137652,-6.0,3.0
-2,145900,1973.5,1973,1974,1,5.770615218501382,-15.0,6.0
-2,146000,1970.5,1970,1971,1,7.162401831787999,-12.0,3.0
-2,146100,1969.5,1968,1971,3,5.6833088953531465,-10.0,1.0
-2,146200,1965.0,1964,1966,2,5.366563145999477,-8.5,4.5
-2,146300,1965.5,1964,1967,3,3.563705936241027,-5.0,0.5
-2,146400,1965.5,1965,1966,1,2.5884358211088587,-4.0,0.0
-2,146500,1969.0,1967,1971,4,2.1621748310438447,4.0,3.5
-2,146600,1969.0,1968,1970,2,2.018662923818532,3.5,0.0
-2,146700,1970.0,1969,1971,2,2.1389249636206595,4.5,1.0
-2,146800,1971.5,1971,1972,1,2.2079402165818878,2.5,1.5
-2,146900,1969.5,1969,1970,1,1.0368220676662263,0.5,2.0
-2,147000,1970.0,1968,1972,4,0.9354143466933145,0.0,0.5
-2,147100,1968.5,1968,1969,1,1.0839741694338108,-3.0,1.5
-2,147200,1968.0,1966,1970,4,1.369306393762814,-1.5,0.5
-2,147300,1971.5,1970,1973,3,1.369306393762814,1.5,3.5
-2,147400,1973.5,1972,1975,3,2.2527760652137108,5.0,2.0
-2,147500,1975.5,1974,1977,3,3.209361307176189,7.5,2.0
-2,147600,1978.0,1976,1980,4,3.817721833764168,6.5,2.5
-2,147700,1979.0,1977,1981,4,3.1024184114976685,5.5,1.0
-2,147800,1979.5,1979,1980,1,2.5347583711272725,4.0,0.5
-2,147900,1978.0,1976,1980,4,1.5411035007422071,0.0,1.5
-2,148000,1978.5,1978,1979,1,0.6519202405201755,-0.5,0.5
-2,148100,1978.5,1977,1980,3,0.5700877125494842,-1.0,0.0
-2,148200,1980.5,1980,1981,1,0.9999999999999538,2.5,2.0
-2,148300,1979.0,1978,1980,2,0.9617692030835178,0.5,1.5
-2,148400,1979.0,1978,1980,2,0.821583836257674,0.5,0.0
-2,148500,1979.5,1979,1980,1,0.7582875444050866,-1.0,0.5
-2,148600,1980.5,1979,1982,3,0.7582875444050866,1.5,1.0
-2,148700,1982.5,1981,1984,3,1.4747881203752544,3.5,2.0
-2,148800,1981.5,1980,1983,3,1.4317821063276468,2.0,1.0
-2,148900,1981.5,1981,1982,1,1.1401754250991771,1.0,0.0
-2,149000,1981.0,1979,1983,4,0.741619848709665,-1.5,0.5
-2,149100,1981.5,1980,1983,3,0.5477225575052738,0.0,0.5
-2,149200,1980.5,1979,1982,3,0.44721359550007234,-1.0,1.0
-2,149300,1981.5,1980,1983,3,0.44721359550007234,0.5,1.0
-2,149400,1979.5,1979,1980,1,0.8366600265341282,-2.0,2.0
-2,149500,1979.0,1978,1980,2,1.140175425099193,-1.5,0.5
-2,149600,1980.5,1980,1981,1,0.9746794344809744,-1.0,1.5
-2,149700,1981.5,1980,1983,3,1.140175425099193,2.0,1.0
-2,149800,1980.0,1978,1982,4,0.961769203083647,1.0,1.5
-2,149900,1981.0,1980,1982,2,0.961769203083647,0.5,1.0
-2,150000,1981.0,1980,1982,2,0.5700877125496712,-0.5,0.0
-2,150100,1980.5,1980,1981,1,0.5700877125496712,0.5,0.5
-2,150200,1981.0,1980,1982,2,0.44721359550007234,0.0,0.5
-2,150300,1981.0,1980,1982,2,0.22360679775017916,0.0,0.0
-2,150400,1982.0,1980,1984,4,0.5477225575052738,1.5,1.0
-2,150500,1981.5,1981,1982,1,0.5700877125496712,0.5,0.5
-2,150600,1979.0,1977,1981,4,1.1401754250992084,-2.0,2.5
-2,150700,1980.5,1979,1982,3,1.151086443322203,-1.5,1.5
-2,150800,1979.0,1978,1980,2,1.3874436925512315,-2.5,1.5
-2,150900,1979.5,1978,1981,3,1.0839741694340566,0.5,0.5
-2,151000,1979.5,1978,1981,3,0.6123724356960382,-1.0,0.0
-2,151100,1979.5,1978,1981,3,0.547722557505436,0.5,0.0
-2,151200,1978.5,1977,1980,3,0.44721359550027096,-1.0,1.0
-2,151300,1976.5,1976,1977,1,1.303840481040648,-3.0,2.0
-2,151400,1977.5,1976,1979,3,1.303840481040648,-2.0,1.0
-2,151500,1977.5,1977,1978,1,1.1401754250992706,-1.0,0.0
-2,151600,1980.0,1979,1981,2,1.3228756555324268,3.5,2.5
-2,151700,1978.5,1977,1980,3,1.3228756555324268,1.0,1.5
-2,151800,1978.5,1977,1980,3,1.0246950765961282,1.0,0.0
-2,151900,1978.0,1976,1980,4,0.9354143466936563,-2.0,0.5
-2,152000,1980.5,1980,1981,1,1.0839741694341058,2.0,2.5
-2,152100,1979.0,1977,1981,4,0.9617692030837394,0.5,1.5
-2,152200,1976.5,1975,1978,3,1.4577379737114349,-1.5,2.5
-2,152300,1976.5,1975,1978,3,1.7102631376487871,-4.0,0.0
-2,152400,1974.5,1974,1975,1,2.3558437978780256,-4.5,2.0
-2,152500,1977.5,1976,1979,3,1.6431676725156377,1.0,3.0
-2,152600,1977.5,1976,1979,3,1.224744871391763,1.0,0.0
-2,152700,1978.0,1977,1979,2,1.3964240043770528,3.5,0.5
-2,152800,1978.5,1978,1979,1,1.5652475842499898,1.0,0.5
-2,152900,1977.5,1976,1979,3,0.4472135955003901,0.0,1.0
-2,153000,1979.5,1978,1981,3,0.836660026534298,1.5,2.0
-2,153100,1979.5,1978,1981,3,0.8944271910001328,1.0,0.0
-2,153200,1980.5,1979,1982,3,1.140175425099333,3.0,1.0
-2,153300,1980.5,1979,1982,3,1.2247448713917777,1.0,0.0
-2,153400,1977.5,1977,1978,1,1.2247448713917777,-2.0,3.0
-2,153500,1977.5,1976,1979,3,1.5165750888104474,-3.0,0.0
-2,153600,1978.0,1977,1979,2,1.5652475842499785,-2.5,0.5
-2,153700,1976.0,1975,1977,2,1.6355427233797422,-1.5,2.0
-2,153800,1980.5,1980,1981,1,1.6355427233797422,3.0,4.5
-2,153900,1979.0,1977,1981,4,1.6807736313972803,1.0,1.5
-2,154000,1976.5,1976,1977,1,1.83711730708749,0.5,2.5
-2,154100,1978.0,1976,1980,4,1.83711730708749,-2.5,1.5
-2,154200,1977.0,1976,1978,2,1.6046806535882483,-2.0,1.0
-2,154300,1977.5,1976,1979,3,0.9617692030837948,1.0,0.5
-2,154400,1978.0,1976,1980,4,0.651920240520557,0.0,0.5
-2,154500,1978.5,1978,1979,1,0.5700877125498893,1.5,0.5
-2,154600,1977.5,1976,1979,3,0.5700877125498893,0.0,1.0
-2,154700,1975.5,1975,1976,1,1.1401754250993175,-2.5,2.0
-2,154800,1978.0,1977,1979,2,1.172603939956033,-0.5,2.5
-2,154900,1980.0,1979,1981,2,1.6355427233797204,2.5,2.0
-2,155000,1980.5,1979,1982,3,2.0186629238187344,5.0,0.5
-2,155100,1977.5,1976,1979,3,2.0186629238187344,-0.5,3.0
-2,155200,1979.0,1978,1980,2,1.274754878398369,-1.0,1.5
-2,155300,1979.5,1978,1981,3,1.1510864433223265,-1.0,0.5
-2,155400,1978.5,1977,1980,3,1.1180339887500887,1.0,1.0
-2,155500,1979.0,1977,1981,4,0.758287544405438,0.0,0.5
-2,155600,1981.5,1980,1983,3,1.172603939956033,2.0,2.5
-2,155700,1981.5,1980,1983,3,1.4142135623732408,3.0,0.0
-2,155800,1982.5,1981,1984,3,1.7464249196574315,3.5,1.0
-2,155900,1981.5,1980,1983,3,1.3038404810407298,0.0,1.0
-2,156000,1981.5,1980,1983,3,0.44721359550050926,0.0,0.0
-2,156100,1982.5,1982,1983,1,0.5477225575055981,0.0,1.0
-2,156200,1978.5,1978,1979,1,1.6431676725156268,-3.0,4.0
-2,156300,1980.5,1979,1982,3,1.5165750888104474,-1.0,2.0
-2,156400,1981.0,1980,1982,2,1.4832396974192796,-1.5,0.5
-2,156500,1978.5,1978,1979,1,1.717556403731898,0.0,2.5
-2,156600,1979.5,1978,1981,3,1.1401754250993485,-1.0,1.0
-2,156700,1980.5,1979,1982,3,1.0000000000002558,-0.5,1.0
-2,156800,1979.5,1978,1981,3,0.9746794344811567,1.0,1.0
-2,156900,1978.5,1977,1980,3,0.8366600265343618,-1.0,1.0
-2,157000,1980.0,1978,1982,4,0.7416198487099045,-0.5,1.5
-2,157100,1981.5,1980,1983,3,1.1180339887501205,2.0,1.5
-2,157200,1981.5,1980,1983,3,1.303840481040716,3.0,0.0
-2,157300,1982.0,1980,1984,4,1.4404860290889523,2.0,0.5
-2,157400,1981.5,1980,1983,3,0.758287544405438,0.0,0.5
-2,157500,1982.0,1980,1984,4,0.27386127875339256,0.5,0.5
-2,157600,1982.5,1982,1983,1,0.41833001326754393,0.5,0.5
-2,157700,1980.5,1979,1982,3,0.758287544405438,-1.0,2.0
-2,157800,1981.5,1980,1983,3,0.7416198487098566,-0.5,1.0
-2,157900,1978.5,1978,1979,1,1.5811388300843268,-4.0,3.0
-2,158000,1978.5,1978,1979,1,1.7888543819999458,-2.0,0.0
-2,158100,1978.5,1977,1980,3,1.4142135623732282,-3.0,0.0
-2,158200,1978.5,1977,1980,3,1.3416407865000077,0.0,0.0
-2,158300,1978.5,1977,1980,3,0.0,0.0,0.0
-2,158400,1976.0,1975,1977,2,1.118033988750025,-2.5,2.5
-2,158500,1976.0,1975,1977,2,1.3693063937630217,-2.5,0.0
-2,158600,1976.0,1975,1977,2,1.3693063937630217,-2.5,0.0
-2,158700,1976.5,1975,1978,3,1.083974169434073,0.5,0.5
-2,158800,1977.5,1976,1979,3,0.6519202405204207,1.5,1.0
-2,158900,1976.0,1974,1978,4,0.6519202405204207,0.0,1.5
-2,159000,1977.0,1975,1979,4,0.6519202405204207,0.5,1.0
-2,159100,1976.5,1975,1978,3,0.5700877125497646,-1.0,0.5
-2,159200,1976.0,1974,1978,4,0.6519202405204207,0.0,0.5
-2,159300,1975.5,1974,1977,3,0.5700877125497336,-1.5,0.5
-2,159400,1974.0,1973,1975,2,1.151086443322203,-2.5,1.5
-2,159500,1974.5,1973,1976,3,1.036822067666449,-1.5,0.5
-2,159600,1975.0,1974,1976,2,0.7905694150421667,-0.5,0.5
-2,159700,1974.0,1972,1976,4,0.651920240520339,0.0,1.0
-2,159800,1974.0,1972,1976,4,0.4472135955000326,-0.5,0.0
-2,159900,1973.5,1972,1975,3,0.5700877125496401,-1.5,0.5
-2,160000,1973.5,1972,1975,3,0.6123724356958642,-0.5,0.0
-2,160100,1972.5,1971,1974,3,0.6123724356958642,-1.5,1.0
-2,160200,1971.5,1970,1973,3,1.0000000000000426,-2.0,1.0
-2,160300,1973.5,1973,1974,1,0.894427190999954,0.0,2.0
-2,160400,1974.5,1973,1976,3,1.140175425099193,2.0,1.0
-2,160500,1974.0,1972,1976,4,1.204159457879272,2.5,0.5
-2,160600,1975.0,1974,1976,2,1.350925608610657,1.5,1.0
-2,160700,1975.5,1975,1976,1,0.7905694150421217,1.0,0.5
-2,160800,1977.0,1975,1979,4,1.1510864433221413,3.0,1.5
-2,160900,1977.5,1976,1979,3,1.4404860290888042,2.5,0.5
-2,161000,1978.0,1976,1980,4,1.2942179105545157,2.5,0.5
-2,161100,1978.5,1977,1980,3,1.151086443322203,1.5,0.5
-2,161200,1977.5,1977,1978,1,0.5700877125497336,0.0,1.0
-2,161300,1979.0,1977,1981,4,0.6519202405204207,1.0,1.5
-2,161400,1980.5,1979,1982,3,1.1510864433222183,2.0,1.5
-2,161500,1979.0,1978,1980,2,1.083974169434024,1.5,1.5
-2,161600,1979.5,1978,1981,3,1.083974169434024,0.5,0.5
-2,161700,1980.5,1980,1981,1,0.7582875444052974,0.0,1.0
-2,161800,1979.0,1978,1980,2,0.7582875444052974,0.0,1.5
-2,161900,1980.5,1979,1982,3,0.7582875444052974,1.0,1.5
-2,162000,1979.5,1978,1981,3,0.6708203932500874,-1.0,1.0
-2,162100,1979.5,1978,1981,3,0.6708203932500874,0.5,0.0
-2,162200,1979.5,1978,1981,3,0.5477225575053386,-1.0,0.0
-2,162300,1978.5,1977,1980,3,0.7071067811866932,-1.0,1.0
-2,162400,1978.5,1977,1980,3,0.5477225575053386,-1.0,0.0
-2,162500,1978.5,1977,1980,3,0.5477225575053386,-1.0,0.0
-2,162600,1978.5,1977,1980,3,0.4472135955001915,0.0,0.0
-2,162700,1976.5,1975,1978,3,0.8944271910000136,-2.0,2.0
-2,162800,1975.5,1974,1977,3,1.4142135623731529,-3.0,1.0
-2,162900,1977.5,1976,1979,3,1.3038404810405935,-1.0,2.0
-2,163000,1977.5,1976,1979,3,1.1401754250992084,1.0,0.0
-2,163100,1977.5,1977,1978,1,0.8944271909999739,2.0,0.0
-2,163200,1978.5,1978,1979,1,1.095445115010382,1.0,1.0
-2,163300,1979.5,1979,1980,1,0.8944271910000136,2.0,1.0
-2,163400,1979.0,1978,1980,2,0.8944271910000136,1.5,0.5
-2,163500,1978.5,1977,1980,3,0.741619848709665,0.0,0.5
-2,163600,1979.0,1978,1980,2,0.41833001326724667,-0.5,0.5
-2,163700,1979.5,1978,1981,3,0.41833001326724667,0.5,0.5
-2,163800,1979.0,1978,1980,2,0.3535533905935049,0.5,0.5
-2,163900,1980.5,1979,1982,3,0.758287544405274,1.5,1.5
-2,164000,1981.0,1980,1982,2,0.9082951062293625,1.5,0.5
-2,164100,1979.0,1977,1981,4,0.9082951062293625,0.0,2.0
-2,164200,1979.5,1978,1981,3,0.9082951062293625,-1.0,0.5
-2,164300,1980.0,1979,1981,2,0.7905694150422341,-1.0,0.5
-2,164400,1981.5,1980,1983,3,1.0368220676664834,2.5,1.5
-2,164500,1981.0,1980,1982,2,1.0368220676664834,1.5,0.5
-2,164600,1980.5,1979,1982,3,0.7905694150422117,0.5,0.5
-2,164700,1980.5,1979,1982,3,0.5700877125497336,-1.0,0.0
-2,164800,1982.5,1981,1984,3,0.8366600265341707,1.5,2.0
-2,164900,1981.5,1981,1982,1,0.8366600265341707,1.0,1.0
-2,165000,1982.5,1981,1984,3,1.0000000000000782,2.0,1.0
-2,165100,1982.5,1981,1984,3,0.8944271909999937,0.0,0.0
-2,165200,1983.5,1982,1985,3,0.7071067811866178,2.0,1.0
-2,165300,1983.5,1982,1985,3,0.8366600265341282,1.0,0.0
-2,165400,1982.5,1981,1984,3,0.5477225575052413,0.0,1.0
-2,165500,1982.0,1981,1983,2,0.6708203932499814,-1.5,0.5
-2,165600,1983.5,1982,1985,3,0.7071067811865928,0.0,1.5
-2,165700,1983.0,1982,1984,2,0.6519202405203117,0.5,0.5
-2,165800,1982.5,1981,1984,3,0.5700877125496401,0.5,0.5
-2,165900,1984.0,1982,1986,4,0.7905694150421443,0.5,1.5
-2,166000,1985.0,1984,1986,2,0.9617692030836286,2.0,1.0
-2,166100,1985.0,1983,1987,4,1.1401754250991771,2.5,0.0
-2,166200,1985.5,1985,1986,1,1.193733638631346,1.5,0.5
-2,166300,1985.5,1984,1987,3,0.6123724356957772,0.5,0.0
-2,166400,1986.5,1985,1988,3,0.6123724356957772,1.5,1.0
-2,166500,1985.5,1984,1987,3,0.5477225575051441,0.0,1.0
-2,166600,1985.5,1985,1986,1,0.44721359549995315,0.0,0.0
-2,166700,1987.5,1986,1989,3,0.8944271909999342,1.0,2.0
-2,166800,1987.5,1986,1989,3,1.0000000000000249,2.0,0.0
-2,166900,1988.5,1987,1990,3,1.3416407864998754,3.0,1.0
-2,167000,1987.5,1986,1989,3,1.0954451150103173,0.0,1.0
-2,167100,1988.5,1987,1990,3,0.5477225575051441,1.0,1.0
-2,167200,1988.5,1987,1990,3,0.5477225575051441,0.0,0.0
-2,167300,1988.5,1987,1990,3,0.44721359549995315,1.0,0.0
-2,167400,1985.5,1984,1987,3,1.303840481040539,-3.0,3.0
-2,167500,1986.5,1985,1988,3,1.4142135623731027,-2.0,1.0
-2,167600,1987.0,1985,1989,4,1.303840481040539,-1.5,0.5
-2,167700,1987.5,1986,1989,3,1.118033988749914,2.0,0.5
-2,167800,1988.5,1988,1989,1,1.118033988749914,2.0,1.0
-2,167900,1988.0,1986,1990,4,0.7905694150421217,1.0,0.5
-2,168000,1986.0,1985,1987,2,0.9617692030836101,-1.5,2.0
-2,168100,1985.5,1984,1987,3,1.2942179105544884,-3.0,0.5
-2,168200,1983.5,1982,1985,3,2.0186629238186287,-4.5,2.0
-2,168300,1985.0,1984,1986,2,1.63554272337959,-1.0,1.5
-2,168400,1985.5,1984,1987,3,0.9617692030834992,0.0,0.5
-2,168500,1985.5,1984,1987,3,0.8660254037843484,2.0,0.0
-2,168600,1985.5,1984,1987,3,0.8660254037843484,0.5,0.0
-2,168700,1984.0,1982,1986,4,0.651920240520121,-1.5,1.5
-2,168800,1983.5,1982,1985,3,0.9746794344807922,-2.0,0.5
-2,168900,1984.0,1983,1985,2,0.9354143466933714,-1.5,0.5
-2,169000,1984.0,1983,1985,2,0.7582875444050163,0.0,0.0
-2,169100,1985.0,1983,1987,4,0.5477225575050143,1.5,1.0
-2,169200,1981.5,1981,1982,1,1.2942179105543923,-2.5,3.5
-2,169300,1981.5,1981,1982,1,1.6046806535880602,-2.5,0.0
-2,169400,1982.5,1981,1984,3,1.5572411502396881,-2.5,1.0
-2,169500,1984.0,1983,1985,2,1.5572411502396881,2.5,1.5
-2,169600,1984.5,1984,1985,1,1.396424004376862,3.0,0.5
-2,169700,1983.0,1982,1984,2,1.1937336386313013,0.5,1.5
-2,169800,1981.5,1980,1983,3,1.1937336386313013,-2.5,1.5
-2,169900,1982.5,1982,1983,1,1.1937336386313013,-2.0,1.0
-2,170000,1981.0,1980,1982,2,1.3693063937628789,-2.0,1.5
-2,170100,1981.5,1980,1983,3,0.8215838362576956,0.0,0.5
-2,170200,1979.0,1977,1981,4,1.2942179105544334,-3.5,2.5
-2,170300,1979.5,1978,1981,3,1.440486029088755,-1.5,0.5
-2,170400,1981.0,1980,1982,2,1.0839741694338927,-0.5,1.5
-2,170500,1979.5,1978,1981,3,1.0839741694338927,0.5,1.5
-2,170600,1980.5,1979,1982,3,0.8215838362576523,1.0,1.0
-2,170700,1981.0,1979,1983,4,0.7582875444050398,0.0,0.5
-2,170800,1981.5,1980,1983,3,0.7582875444050398,2.0,0.5
-2,170900,1980.0,1979,1981,2,0.790569415041987,-0.5,1.5
-2,171000,1982.0,1980,1984,4,0.790569415041987,1.0,2.0
-2,171100,1980.0,1979,1981,2,0.8944271909998348,-1.5,2.0
-2,171200,1979.5,1978,1981,3,1.08397416943386,-0.5,0.5
-2,171300,1979.5,1979,1980,1,1.036822067666295,-2.5,0.0
-2,171400,1978.5,1977,1980,3,1.2942179105544198,-1.5,1.0
-2,171500,1978.5,1977,1980,3,0.6708203932498755,-1.0,0.0
-2,171600,1978.5,1977,1980,3,0.5477225575051117,-1.0,0.0
-2,171700,1978.0,1977,1979,2,0.5477225575051117,-0.5,0.5
-2,171800,1977.5,1976,1979,3,0.4472135954998737,-1.0,0.5
-2,171900,1976.5,1975,1978,3,0.836660026534022,-2.0,1.0
-2,172000,1976.5,1975,1978,3,0.8944271909998746,-1.5,0.0
-2,172100,1976.5,1975,1978,3,0.7071067811865174,-1.0,0.0
-2,172200,1976.0,1975,1977,2,0.5477225575051117,-0.5,0.5
-2,172300,1975.0,1974,1976,2,0.6519202405201755,-1.5,1.0
-2,172400,1977.5,1976,1979,3,0.9082951062291865,1.0,2.5
-2,172500,1977.0,1975,1979,4,0.9617692030834992,1.0,0.5
-2,172600,1976.5,1975,1978,3,0.9617692030834992,1.5,0.5
-2,172700,1976.0,1974,1978,4,0.9617692030834992,-1.5,0.5
-2,172800,1976.5,1975,1978,3,0.5700877125494219,-0.5,0.5
-2,172900,1977.5,1976,1979,3,0.5700877125494219,1.0,1.0
-2,173000,1979.5,1979,1980,1,1.396424004376824,3.5,2.0
-2,173100,1978.5,1977,1980,3,1.4317821063275722,2.0,1.0
-2,173200,1978.5,1977,1980,3,1.1401754250990839,1.0,0.0
-2,173300,1978.0,1976,1980,4,0.7416198487095212,-1.5,0.5
-2,173400,1978.5,1977,1980,3,0.5477225575050791,0.0,0.5
-2,173500,1977.5,1976,1979,3,0.447213595499834,-1.0,1.0
-2,173600,1980.5,1980,1981,1,1.140175425099115,2.5,3.0
-2,173700,1979.0,1978,1980,2,1.1510864433221104,0.5,1.5
-2,173800,1978.5,1977,1980,3,1.095445115010301,1.0,0.5
-2,173900,1978.0,1976,1980,4,1.1510864433221104,-2.5,0.5
-2,174000,1978.5,1977,1980,3,0.9617692030835362,-0.5,0.5
-2,174100,1977.5,1977,1978,1,0.5700877125495466,-1.0,1.0
-2,174200,1975.5,1974,1977,3,1.244989959798835,-2.5,2.0
-2,174300,1975.0,1973,1977,4,1.5572411502397223,-3.5,0.5
-2,174400,1972.5,1972,1973,1,2.3345235059857328,-5.0,2.5
-2,174500,1974.5,1973,1976,3,1.8027756377319613,-1.0,2.0
-2,174600,1974.0,1972,1976,4,1.1510864433220795,-1.0,0.5
-2,174700,1975.0,1974,1976,2,1.036822067666312,2.5,1.0
-2,174800,1973.5,1972,1975,3,0.9617692030834992,-1.0,1.5
-2,174900,1973.0,1972,1974,2,0.790569415041987,-1.0,0.5
-2,175000,1973.5,1972,1975,3,0.7582875444050398,-1.5,0.5
-2,175100,1974.5,1973,1976,3,0.8215838362576307,1.0,1.0
-2,175200,1973.0,1972,1974,2,0.6123724356956611,0.0,1.5
-2,175300,1973.5,1972,1975,3,0.6123724356956611,0.0,0.5
-2,175400,1972.5,1971,1974,3,0.7416198487094734,-2.0,1.0
-2,175500,1971.5,1970,1973,3,1.1180339887498345,-1.5,1.0
-2,175600,1971.5,1971,1972,1,0.8944271909998547,-2.0,0.0
-2,175700,1969.0,1968,1970,2,1.6733200530681014,-3.5,2.5
-2,175800,1970.5,1969,1972,3,1.322875655532212,-1.0,1.5
-2,175900,1970.5,1969,1972,3,1.024695076595851,-1.0,0.0
-2,176000,1970.5,1970,1971,1,0.8944271909997753,1.5,0.0
-2,176100,1982.5,1982,1983,1,5.5722526863020185,12.0,12.0
-2,176200,1981.0,1979,1983,4,6.184658438426504,10.5,1.5
-2,176300,1980.5,1979,1982,3,5.9791303715507125,10.0,0.5
-2,176400,1981.5,1980,1983,3,4.91934955049955,-1.0,1.0
-2,176500,1981.5,1980,1983,3,0.7416198487095692,0.5,0.0
-2,176600,1981.5,1980,1983,3,0.4472135954999929,1.0,0.0
-2,176700,1982.0,1981,1983,2,0.5477225575051765,0.5,0.5
-2,176800,1982.5,1981,1984,3,0.44721359549995315,1.0,0.5
-2,176900,1980.5,1980,1981,1,0.7416198487095452,-1.0,2.0
-2,177000,1982.0,1981,1983,2,0.7582875444051335,0.0,1.5
-2,177100,1982.0,1981,1983,2,0.7582875444051335,-0.5,0.0
-2,177200,1983.5,1982,1985,3,1.083974169433942,3.0,1.5
-2,177300,1982.5,1982,1983,1,1.083974169433942,0.5,1.0
-2,177400,1984.0,1983,1985,2,0.9082951062292842,2.0,1.5
-2,177500,1983.0,1982,1984,2,0.7905694150421443,-0.5,1.0
-2,177600,1984.5,1983,1986,3,0.7905694150421443,2.0,1.5
-2,177700,1984.5,1983,1986,3,0.9082951062292842,0.5,0.0
-2,177800,1984.5,1983,1986,3,0.6519202405203117,1.5,0.0
-2,177900,1984.0,1982,1986,4,0.6519202405203117,-0.5,0.5
-2,178000,1984.0,1982,1986,4,0.2738612787527439,-0.5,0.0
-2,178100,1985.0,1984,1986,2,0.4183300132671193,0.5,1.0
-2,178200,1985.5,1985,1986,1,0.651920240520339,1.5,0.5
-2,178300,1985.5,1984,1987,3,0.7582875444052272,1.5,0.0
-2,178400,1985.0,1984,1986,2,0.6123724356958932,0.0,0.5
-2,178500,1985.0,1984,1986,2,0.2738612787528088,-0.5,0.0
-2,178600,1986.5,1985,1988,3,0.6123724356958932,1.0,1.5
-2,178700,1986.5,1985,1988,3,0.7582875444052272,1.5,0.0
-2,178800,1984.5,1984,1985,1,0.9354143466935423,-0.5,2.0
-2,178900,1986.0,1984,1988,4,0.9082951062293039,-0.5,1.5
-2,179000,1986.5,1985,1988,3,0.866025403784492,0.0,0.5
-2,179100,1986.5,1985,1988,3,0.866025403784492,2.0,0.0
-2,179200,1985.5,1984,1987,3,0.8366600265341282,-0.5,1.0
-2,179300,1987.0,1985,1989,4,0.5700877125496712,0.5,1.5
-2,179400,1986.5,1985,1988,3,0.5477225575052738,0.0,0.5
-2,179500,1987.5,1987,1988,1,0.741619848709665,2.0,1.0
-2,179600,1985.5,1985,1986,1,0.8944271910000136,-1.5,2.0
