day,timestamp,product,bid_price_1,bid_volume_1,bid_price_2,bid_volume_2,bid_price_3,bid_volume_3,ask_price_1,ask_volume_1,ask_price_2,ask_volume_2,ask_price_3,ask_volume_3,mid_price,profit_and_loss,spread,volatility,total_volume,bid_depth,ask_depth,total_depth
-1,0,RAINFOREST_RESIN,10002,1,9996.0,2.0,9995.0,29.0,10004,2,10005.0,29.0,,,10003.0,0.0,2,,3,32.0,31.0,63.0
-1,0,KELP,2028,1,2026.0,2.0,2025.0,29.0,2029,31,,,,,2028.5,0.0,1,,32,32.0,31.0,63.0
-1,100,KELP,2025,24,,,,,2028,2,2029.0,22.0,,,2026.5,0.0,3,,26,24.0,24.0,48.0
-1,100,RAINFOREST_RESIN,9996,2,9995.0,22.0,,,10004,2,10005.0,22.0,,,10000.0,0.0,8,,4,24.0,24.0,48.0
-1,200,RAINFOREST_RESIN,9995,20,,,,,10005,20,,,,,10000.0,0.0,10,4367.266041243652,40,20.0,20.0,40.0
-1,200,KELP,2025,22,,,,,2028,20,,,,,2026.5,0.0,3,4366.900740227558,42,22.0,20.0,42.0
-1,300,KELP,2025,31,,,,,2028,2,2029.0,29.0,,,2026.5,0.0,3,4367.265812267442,33,31.0,31.0,62.0
-1,300,RAINFOREST_RESIN,9996,2,9995.0,29.0,,,10004,2,10005.0,29.0,,,10000.0,0.0,8,4367.265812267442,4,31.0,31.0,62.0
-1,400,RAINFOREST_RESIN,9996,2,9995.0,25.0,,,10004,2,10005.0,25.0,,,10000.0,0.0,8,4367.265812267442,4,27.0,27.0,54.0
-1,400,KELP,2025,27,,,,,2028,27,,,,,2026.5,0.0,3,4367.265812267442,54,27.0,27.0,54.0
-1,500,KELP,2025,30,,,,,2028,30,,,,,2026.5,0.0,3,4367.265812267442,60,30.0,30.0,60.0
-1,500,RAINFOREST_RESIN,9995,30,,,,,10002,4,10005.0,30.0,,,9998.5,0.0,7,4366.991993924422,34,30.0,34.0,64.0
-1,600,RAINFOREST_RESIN,10000,5,9995.0,25.0,,,10005,25,,,,,10002.5,0.0,5,4367.448620190054,30,30.0,25.0,55.0
-1,600,KELP,2026,5,2025.0,31.0,,,2028,25,,,,,2027.0,0.0,2,4367.448620190054,30,36.0,25.0,61.0
-1,700,KELP,2025,2,2024.0,23.0,,,2028,23,,,,,2026.5,0.0,3,4367.448620190054,25,25.0,23.0,48.0
-1,700,RAINFOREST_RESIN,9995,23,,,,,10005,23,,,,,10000.0,0.0,10,4367.311693135722,46,23.0,23.0,46.0
-1,800,RAINFOREST_RESIN,9996,1,9995.0,29.0,,,10004,1,10005.0,29.0,,,10000.0,0.0,8,4367.585439919865,2,30.0,30.0,60.0
-1,800,KELP,2024,1,2023.0,29.0,,,2027,30,,,,,2025.5,0.0,3,4367.357132752026,31,30.0,30.0,60.0
-1,900,KELP,2024,23,,,,,2027,23,,,,,2025.5,0.0,3,4367.630979718868,46,23.0,23.0,46.0
-1,900,RAINFOREST_RESIN,9996,1,9995.0,22.0,,,10004,1,10005.0,22.0,,,10000.0,0.0,8,4367.813534824947,2,23.0,23.0,46.0
-1,1000,RAINFOREST_RESIN,9995,26,,,,,10005,26,,,,,10000.0,0.0,10,4367.813534824947,52,26.0,26.0,52.0
-1,1000,KELP,2024,26,,,,,2026,6,2027.0,26.0,,,2025.0,0.0,2,4367.904826687504,32,26.0,32.0,58.0
-1,1100,KELP,2025,6,2024.0,26.0,,,2027,2,2028.0,24.0,,,2026.0,0.0,2,4367.813549134166,8,32.0,26.0,58.0
-1,1100,RAINFOREST_RESIN,9996,2,9995.0,24.0,,,10004,2,10005.0,24.0,,,10000.0,0.0,8,4367.813549134166,4,26.0,26.0,52.0
-1,1200,RAINFOREST_RESIN,9995,21,,,,,9998,1,10005.0,21.0,,,9996.5,0.0,3,4367.17477323727,22,21.0,22.0,43.0
-1,1200,KELP,2024,21,,,,,2026,8,2028.0,21.0,,,2025.0,0.0,2,4366.946501847716,29,21.0,29.0,50.0
-1,1300,KELP,2024,31,,,,,2028,31,,,,,2026.0,0.0,4,4366.763927670008,62,31.0,31.0,62.0
-1,1300,RAINFOREST_RESIN,10002,1,9996.0,1.0,9995.0,30.0,10004,1,10005.0,30.0,,,10003.0,0.0,2,4367.722867811098,2,32.0,31.0,63.0
-1,1400,RAINFOREST_RESIN,9996,1,9995.0,25.0,,,10004,1,10005.0,25.0,,,10000.0,0.0,8,4367.722867811098,2,26.0,26.0,52.0
-1,1400,KELP,2025,3,2024.0,25.0,,,2028,26,,,,,2026.5,0.0,3,4368.452706622792,29,28.0,26.0,54.0
-1,1500,KELP,2024,27,,,,,2028,27,,,,,2026.0,0.0,4,4368.270103828288,54,27.0,27.0,54.0
-1,1500,RAINFOREST_RESIN,9995,27,,,,,10005,27,,,,,10000.0,0.0,10,4367.950640746756,54,27.0,27.0,54.0
-1,1600,RAINFOREST_RESIN,9995,29,,,,,10005,29,,,,,10000.0,0.0,10,4367.402746484459,58,29.0,29.0,58.0
-1,1600,KELP,2024,29,,,,,2026,4,2028.0,29.0,,,2025.0,0.0,2,4367.630994028686,33,29.0,33.0,62.0
-1,1700,KELP,2024,22,,,,,2026,8,2028.0,22.0,,,2025.0,0.0,2,4367.904840996424,30,22.0,30.0,52.0
-1,1700,RAINFOREST_RESIN,9996,2,9995.0,20.0,,,10002,1,10004.0,2.0,10005.0,20.0,9999.0,0.0,6,4367.904840996424,3,22.0,23.0,45.0
-1,1800,RAINFOREST_RESIN,10002,1,9996.0,1.0,9995.0,22.0,10004,1,10005.0,22.0,,,10003.0,0.0,2,4368.452792465543,2,24.0,23.0,47.0
-1,1800,KELP,2024,23,,,,,2028,23,,,,,2026.0,0.0,4,4368.452792465543,46,23.0,23.0,46.0
-1,1900,KELP,2024,29,,,,,2026,5,2027.0,29.0,,,2025.0,0.0,2,4368.452792465543,34,29.0,34.0,63.0
-1,1900,RAINFOREST_RESIN,9996,1,9995.0,28.0,,,10004,1,10005.0,28.0,,,10000.0,0.0,8,4368.17894551036,2,29.0,29.0,58.0
-1,2000,KELP,2024,26,,,,,2027,26,,,,,2025.5,0.0,3,4368.635261726481,52,26.0,26.0,52.0
-1,2000,RAINFOREST_RESIN,9996,2,9995.0,24.0,,,9998,1,10004.0,2.0,10005.0,24.0,9997.0,0.0,2,4366.992094107796,3,26.0,27.0,53.0
-1,2100,RAINFOREST_RESIN,9996,2,9995.0,25.0,,,10002,3,10004.0,2.0,10005.0,25.0,9999.0,0.0,6,4367.220305869627,5,27.0,30.0,57.0
-1,2100,KELP,2024,27,,,,,2027,2,2028.0,25.0,,,2025.5,0.0,3,4367.0833716566485,29,27.0,27.0,54.0
-1,2200,RAINFOREST_RESIN,9998,8,9996.0,1.0,9995.0,24.0,10004,1,10005.0,24.0,,,10001.0,0.0,6,4367.266041243652,9,33.0,25.0,58.0
-1,2200,KELP,2024,25,,,,,2026,7,2027.0,1.0,2028.0,24.0,2025.0,0.0,2,4367.40297545349,32,25.0,32.0,57.0
-1,2300,KELP,2024,32,,,,,2028,32,,,,,2026.0,0.0,4,4367.813606371041,64,32.0,32.0,64.0
-1,2300,RAINFOREST_RESIN,9998,7,9996.0,2.0,9995.0,30.0,10004,2,10005.0,30.0,,,10001.0,0.0,6,4368.361271689877,9,39.0,32.0,71.0
-1,2400,KELP,2024,29,,,,,2025,1,2028.0,29.0,,,2024.5,0.0,1,4368.543864950883,30,29.0,30.0,59.0
-1,2400,RAINFOREST_RESIN,9995,29,,,,,10005,29,,,,,10000.0,0.0,10,4368.270017981947,58,29.0,29.0,58.0
-1,2500,RAINFOREST_RESIN,9996,1,9995.0,22.0,,,10004,1,10005.0,22.0,,,10000.0,0.0,8,4368.133090921108,2,23.0,23.0,46.0
-1,2500,KELP,2025,2,2024.0,23.0,,,2027,1,2028.0,22.0,,,2026.0,0.0,2,4368.133090921108,3,25.0,23.0,48.0
-1,2600,RAINFOREST_RESIN,9995,23,,,,,10005,23,,,,,10000.0,0.0,10,4367.950497659057,46,23.0,23.0,46.0
-1,2600,KELP,2025,3,2024.0,23.0,,,2028,23,,,,,2026.5,0.0,3,4367.402746484459,26,26.0,23.0,49.0
-1,2700,KELP,2024,26,,,,,2027,26,,,,,2025.5,0.0,3,4367.539687856311,52,26.0,26.0,52.0
-1,2700,RAINFOREST_RESIN,9998,6,9995.0,26.0,,,10005,26,,,,,10001.5,0.0,7,4367.950511967826,32,32.0,26.0,58.0
-1,2800,KELP,2023,25,,,,,2027,25,,,,,2025.0,0.0,4,4368.133105229281,50,25.0,25.0,50.0
-1,2800,RAINFOREST_RESIN,9995,25,,,,,10005,25,,,,,10000.0,0.0,10,4368.133105229281,50,25.0,25.0,50.0
-1,2900,RAINFOREST_RESIN,9996,1,9995.0,25.0,,,10004,1,10005.0,25.0,,,10000.0,0.0,8,4368.224373243664,2,26.0,26.0,52.0
-1,2900,KELP,2023,26,,,,,2027,26,,,,,2025.0,0.0,4,4368.361300304727,52,26.0,26.0,52.0
-1,3000,RAINFOREST_RESIN,9998,1,9995.0,26.0,,,10005,26,,,,,10001.5,0.0,7,4368.361300304727,27,27.0,26.0,53.0
-1,3000,KELP,2024,29,,,,,2027,26,,,,,2025.5,0.0,3,4368.224373243664,55,29.0,26.0,55.0
-1,3100,KELP,2023,26,,,,,2025,5,2026.0,26.0,,,2024.0,0.0,2,4368.589540687018,31,26.0,31.0,57.0
-1,3100,RAINFOREST_RESIN,9996,2,9995.0,24.0,,,10004,2,10005.0,24.0,,,10000.0,0.0,8,4368.589540687018,4,26.0,26.0,52.0
-1,3200,KELP,2023,23,,,,,2025,3,2026.0,23.0,,,2024.0,0.0,2,4368.772124407498,26,23.0,26.0,49.0
-1,3200,RAINFOREST_RESIN,9996,1,9995.0,22.0,,,10004,1,10005.0,22.0,,,10000.0,0.0,8,4368.361300304728,2,23.0,23.0,46.0
-1,3300,RAINFOREST_RESIN,9996,2,9995.0,30.0,,,10004,2,10005.0,30.0,,,10000.0,0.0,8,4368.635118661205,4,32.0,32.0,64.0
-1,3300,KELP,2023,32,,,,,2025,2,2026.0,32.0,,,2024.0,0.0,2,4368.635118661205,34,32.0,34.0,66.0
-1,3400,RAINFOREST_RESIN,9996,2,9995.0,24.0,,,10004,2,10005.0,24.0,,,10000.0,0.0,8,4368.635118661205,4,26.0,26.0,52.0
-1,3400,KELP,2023,26,,,,,2026,26,,,,,2024.5,0.0,3,4368.498191598573,52,26.0,26.0,52.0
-1,3500,KELP,2023,26,,,,,2026,26,,,,,2024.5,0.0,3,4368.452549244413,52,26.0,26.0,52.0
-1,3500,RAINFOREST_RESIN,9995,26,,,,,10005,26,,,,,10000.0,0.0,10,4368.452549244413,52,26.0,26.0,52.0
-1,3600,KELP,2023,21,,,,,2026,21,,,,,2024.5,0.0,3,4368.361257382454,42,21.0,21.0,42.0
-1,3600,RAINFOREST_RESIN,9995,21,,,,,9998,4,10005.0,21.0,,,9996.5,0.0,3,4367.402918211235,25,21.0,25.0,46.0
-1,3700,RAINFOREST_RESIN,10002,1,9996.0,1.0,9995.0,23.0,10004,1,10005.0,23.0,,,10003.0,0.0,2,4368.2705759831315,2,25.0,24.0,49.0
-1,3700,KELP,2023,27,,,,,2026,24,,,,,2024.5,0.0,3,4368.2705759831315,51,27.0,24.0,51.0
-1,3800,RAINFOREST_RESIN,9996,2,9995.0,23.0,,,10002,10,10004.0,2.0,10005.0,23.0,9999.0,0.0,6,4368.088011361493,12,25.0,35.0,60.0
-1,3800,KELP,2023,25,,,,,2026,25,,,,,2024.5,0.0,3,4368.088011361493,50,25.0,25.0,50.0
-1,3900,KELP,2023,28,,,,,2026,26,,,,,2024.5,0.0,3,4368.9092088300495,54,28.0,26.0,54.0
-1,3900,RAINFOREST_RESIN,9998,1,9996.0,1.0,9995.0,25.0,10004,1,10005.0,25.0,,,10001.0,0.0,6,4368.3613146121525,2,27.0,26.0,53.0
-1,4000,KELP,2023,32,,,,,2026,32,,,,,2024.5,0.0,3,4368.3613146121525,64,32.0,32.0,64.0
-1,4000,RAINFOREST_RESIN,9996,2,9995.0,30.0,,,10004,2,10005.0,30.0,,,10000.0,0.0,8,4368.6351329677345,4,32.0,32.0,64.0
-1,4100,RAINFOREST_RESIN,9996,2,9995.0,27.0,,,10004,2,10005.0,27.0,,,10000.0,0.0,8,4368.543850644057,4,29.0,29.0,58.0
-1,4100,KELP,2023,29,,,,,2027,29,,,,,2025.0,0.0,4,4368.406923582098,58,29.0,29.0,58.0
-1,4200,RAINFOREST_RESIN,9996,2,9995.0,24.0,,,10002,4,10004.0,2.0,10005.0,24.0,9999.0,0.0,6,4368.041775212321,6,26.0,30.0,56.0
-1,4200,KELP,2023,26,,,,,2027,26,,,,,2025.0,0.0,4,4367.904840996425,52,26.0,26.0,52.0
-1,4300,KELP,2023,29,,,,,2024,5,2026.0,22.0,,,2023.5,0.0,1,4368.087453336988,34,29.0,27.0,56.0
-1,4300,RAINFOREST_RESIN,9995,22,,,,,9998,1,10000.0,6.0,10005.0,22.0,9996.5,0.0,3,4367.1290140090905,23,22.0,29.0,51.0
-1,4400,KELP,2023,30,,,,,2026,30,,,,,2024.5,0.0,3,4367.220291558466,60,30.0,30.0,60.0
-1,4400,RAINFOREST_RESIN,9995,30,,,,,10005,30,,,,,10000.0,0.0,10,4367.494238691107,60,30.0,30.0,60.0
-1,4500,RAINFOREST_RESIN,9996,1,9995.0,28.0,,,10002,10,10004.0,1.0,10005.0,28.0,9999.0,0.0,6,4367.813735154007,11,29.0,39.0,68.0
-1,4500,KELP,2023,28,,,,,2026,29,,,,,2024.5,0.0,3,4367.5398595777015,57,28.0,29.0,57.0
-1,4600,RAINFOREST_RESIN,9996,1,9995.0,29.0,,,10002,10,10004.0,1.0,10005.0,29.0,9999.0,0.0,6,4367.996128088944,11,30.0,40.0,70.0
-1,4600,KELP,2023,30,,,,,2026,30,,,,,2024.5,0.0,3,4367.996128088944,60,30.0,30.0,60.0
-1,4700,KELP,2023,25,,,,,2025,3,2026.0,32.0,,,2024.0,0.0,2,4367.904826687507,28,25.0,35.0,60.0
-1,4700,RAINFOREST_RESIN,9996,2,9995.0,30.0,,,10004,2,10005.0,30.0,,,10000.0,0.0,8,4368.178702273983,4,32.0,32.0,64.0
-1,4800,KELP,2023,24,,,,,2027,24,,,,,2025.0,0.0,4,4368.087424720346,48,24.0,24.0,48.0
-1,4800,RAINFOREST_RESIN,9998,6,9996.0,2.0,9995.0,22.0,10004,2,10005.0,22.0,,,10001.0,0.0,6,4368.635147274263,8,30.0,24.0,54.0
-1,4900,RAINFOREST_RESIN,9995,22,,,,,10002,7,10005.0,22.0,,,9998.5,0.0,7,4368.270075212843,29,22.0,29.0,51.0
-1,4900,KELP,2023,22,,,,,2027,22,,,,,2025.0,0.0,4,4367.996199632048,44,22.0,22.0,44.0
-1,5000,RAINFOREST_RESIN,9998,3,9996.0,2.0,9995.0,28.0,10004,2,10005.0,28.0,,,10001.0,0.0,6,4368.17880243014,5,33.0,30.0,63.0
-1,5000,KELP,2023,30,,,,,2026,30,,,,,2024.5,0.0,3,4368.315736642672,60,30.0,30.0,60.0
-1,5100,KELP,2023,37,,,,,2026,31,,,,,2024.5,0.0,3,4368.133133845627,68,37.0,31.0,68.0
-1,5100,RAINFOREST_RESIN,9996,1,9995.0,30.0,,,10004,1,10005.0,30.0,,,10000.0,0.0,8,4368.543850644059,2,31.0,31.0,62.0
-1,5200,KELP,2023,35,,,,,2026,27,,,,,2024.5,0.0,3,4368.6351329677345,62,35.0,27.0,62.0
-1,5200,RAINFOREST_RESIN,9998,9,9996.0,1.0,9995.0,26.0,10004,1,10005.0,26.0,,,10001.0,0.0,6,4368.6351329677345,10,36.0,27.0,63.0
-1,5300,RAINFOREST_RESIN,9996,1,9995.0,20.0,,,10004,1,10005.0,20.0,,,10000.0,0.0,8,4368.543850644058,2,21.0,21.0,42.0
-1,5300,KELP,2025,1,2023.0,21.0,,,2026,21,,,,,2025.5,0.0,1,4368.270003674225,22,22.0,21.0,43.0
-1,5400,RAINFOREST_RESIN,9995,21,,,,,10005,21,,,,,10000.0,0.0,10,4368.270003674225,42,21.0,21.0,42.0
-1,5400,KELP,2023,21,,,,,2025,6,2027.0,21.0,,,2024.0,0.0,2,4368.406952196649,27,21.0,27.0,48.0
-1,5500,KELP,2023,27,,,,,2027,27,,,,,2025.0,0.0,4,4368.178716582007,54,27.0,27.0,54.0
-1,5500,RAINFOREST_RESIN,9995,27,,,,,10005,27,,,,,10000.0,0.0,10,4368.178716582007,54,27.0,27.0,54.0
-1,5600,KELP,2025,2,2023.0,28.0,,,2027,28,,,,,2026.0,0.0,2,4368.08745333699,30,30.0,28.0,58.0
-1,5600,RAINFOREST_RESIN,9995,28,,,,,10005,28,,,,,10000.0,0.0,10,4368.08745333699,56,28.0,28.0,56.0
-1,5700,RAINFOREST_RESIN,9998,2,9995.0,27.0,,,10005,27,,,,,10001.5,0.0,7,4368.087453336989,29,29.0,27.0,56.0
-1,5700,KELP,2024,26,,,,,2027,27,,,,,2025.5,0.0,3,4367.950511967829,53,26.0,27.0,53.0
-1,5800,RAINFOREST_RESIN,9996,1,9995.0,30.0,,,10004,1,10005.0,30.0,,,10000.0,0.0,8,4367.950511967829,2,31.0,31.0,62.0
-1,5800,KELP,2024,31,,,,,2027,31,,,,,2025.5,0.0,3,4368.087439028667,62,31.0,31.0,62.0
-1,5900,KELP,2024,35,,,,,2027,30,,,,,2025.5,0.0,3,4368.224358935794,65,35.0,30.0,65.0
-1,5900,RAINFOREST_RESIN,9996,2,9995.0,28.0,,,10004,2,10005.0,28.0,,,10000.0,0.0,8,4367.81353482495,4,30.0,30.0,60.0
-1,6000,KELP,2024,30,,,,,2027,30,,,,,2025.5,0.0,3,4367.81353482495,60,30.0,30.0,60.0
-1,6000,RAINFOREST_RESIN,9995,30,,,,,10005,30,,,,,10000.0,0.0,10,4367.81353482495,60,30.0,30.0,60.0
-1,6100,RAINFOREST_RESIN,9996,1,9995.0,24.0,,,10004,1,10005.0,24.0,,,10000.0,0.0,8,4367.813534824949,2,25.0,25.0,50.0
-1,6100,KELP,2024,24,,,,,2027,25,,,,,2025.5,0.0,3,4367.813534824949,49,24.0,25.0,49.0
-1,6200,RAINFOREST_RESIN,9996,1,9995.0,21.0,,,10004,1,10005.0,21.0,,,10000.0,0.0,8,4367.813534824949,2,22.0,22.0,44.0
-1,6200,KELP,2024,22,,,,,2027,22,,,,,2025.5,0.0,3,4367.813534824949,44,22.0,22.0,44.0
-1,6300,KELP,2024,30,,,,,2027,25,,,,,2025.5,0.0,3,4367.81353482495,55,30.0,25.0,55.0
-1,6300,RAINFOREST_RESIN,9996,2,9995.0,23.0,,,10004,2,10005.0,23.0,,,10000.0,0.0,8,4367.81353482495,4,25.0,25.0,50.0
-1,6400,KELP,2024,25,,,,,2027,25,,,,,2025.5,0.0,3,4367.81353482495,50,25.0,25.0,50.0
-1,6400,RAINFOREST_RESIN,9996,1,9995.0,24.0,,,10004,1,10005.0,24.0,,,10000.0,0.0,8,4367.81353482495,2,25.0,25.0,50.0
-1,6500,RAINFOREST_RESIN,9996,1,9995.0,26.0,,,9998,1,10004.0,1.0,10005.0,26.0,9997.0,0.0,2,4367.265983999602,2,27.0,28.0,55.0
-1,6500,KELP,2024,27,,,,,2027,27,,,,,2025.5,0.0,3,4367.265983999602,54,27.0,27.0,54.0
-1,6600,RAINFOREST_RESIN,9996,2,9995.0,24.0,,,10004,2,10005.0,24.0,,,10000.0,0.0,8,4367.265983999602,4,26.0,26.0,52.0
-1,6600,KELP,2024,26,,,,,2028,26,,,,,2026.0,0.0,4,4367.129056943477,52,26.0,26.0,52.0
-1,6700,KELP,2025,7,2024.0,20.0,,,2028,20,,,,,2026.5,0.0,3,4366.718232838022,27,27.0,20.0,47.0
-1,6700,RAINFOREST_RESIN,9995,20,,,,,10002,3,10005.0,20.0,,,9998.5,0.0,7,4367.128928140321,23,20.0,23.0,43.0
-1,6800,KELP,2024,32,,,,,2026,8,2027.0,2.0,2028.0,30.0,2025.0,0.0,2,4367.220234313816,40,32.0,40.0,72.0
-1,6800,RAINFOREST_RESIN,9996,2,9995.0,30.0,,,10004,2,10005.0,30.0,,,10000.0,0.0,8,4367.220234313816,4,32.0,32.0,64.0
-1,6900,RAINFOREST_RESIN,9996,1,9995.0,26.0,,,10002,5,10004.0,1.0,10005.0,26.0,9999.0,0.0,6,4367.220234313815,6,27.0,32.0,59.0
-1,6900,KELP,2024,27,,,,,2026,1,2027.0,27.0,,,2025.0,0.0,2,4367.6309940286865,28,27.0,28.0,55.0
-1,7000,RAINFOREST_RESIN,9998,2,9995.0,27.0,,,10005,27,,,,,10001.5,0.0,7,4368.178773814095,29,29.0,27.0,56.0
-1,7000,KELP,2026,4,2024.0,27.0,,,2027,27,,,,,2026.5,0.0,1,4367.768014100567,31,31.0,27.0,58.0
-1,7100,KELP,2024,30,,,,,2027,30,,,,,2025.5,0.0,3,4367.859301190919,60,30.0,30.0,60.0
-1,7100,RAINFOREST_RESIN,9996,1,9995.0,29.0,,,10004,1,10005.0,29.0,,,10000.0,0.0,8,4368.1331052292835,2,30.0,30.0,60.0
-1,7200,KELP,2024,28,,,,,2027,28,,,,,2025.5,0.0,3,4368.0418038292655,56,28.0,28.0,56.0
-1,7200,RAINFOREST_RESIN,9998,5,9996.0,1.0,9995.0,27.0,10004,1,10005.0,27.0,,,10001.0,0.0,6,4367.904855305346,6,33.0,28.0,61.0
-1,7300,RAINFOREST_RESIN,10002,1,9996.0,2.0,9995.0,29.0,10004,2,10005.0,29.0,,,10003.0,0.0,2,4368.54396509867,3,32.0,31.0,63.0
-1,7300,KELP,2024,35,,,,,2027,31,,,,,2025.5,0.0,3,4368.54396509867,66,35.0,31.0,66.0
-1,7400,RAINFOREST_RESIN,9996,1,9995.0,22.0,,,10004,1,10005.0,22.0,,,10000.0,0.0,8,4368.54396509867,2,23.0,23.0,46.0
-1,7400,KELP,2024,22,,,,,2027,23,,,,,2025.5,0.0,3,4368.54396509867,45,22.0,23.0,45.0
-1,7500,KELP,2024,25,,,,,2027,25,,,,,2025.5,0.0,3,4368.635247419957,50,25.0,25.0,50.0
-1,7500,RAINFOREST_RESIN,9995,25,,,,,10002,10,10005.0,25.0,,,9998.5,0.0,7,4367.402775105592,35,25.0,35.0,60.0
-1,7600,KELP,2024,22,,,,,2027,22,,,,,2025.5,0.0,3,4367.402775105592,44,22.0,22.0,44.0
-1,7600,RAINFOREST_RESIN,9996,2,9995.0,20.0,,,10004,2,10005.0,20.0,,,10000.0,0.0,8,4367.402775105592,4,22.0,22.0,44.0
-1,7700,RAINFOREST_RESIN,9995,22,,,,,10005,22,,,,,10000.0,0.0,10,4367.539716476544,44,22.0,22.0,44.0
-1,7700,KELP,2024,21,,,,,2027,22,,,,,2025.5,0.0,3,4367.539716476544,43,21.0,22.0,43.0
-1,7800,RAINFOREST_RESIN,9998,3,9996.0,1.0,9995.0,22.0,10004,1,10005.0,22.0,,,10001.0,0.0,6,4367.996128088944,4,26.0,23.0,49.0
-1,7800,KELP,2024,23,,,,,2027,23,,,,,2025.5,0.0,3,4367.996128088944,46,23.0,23.0,46.0
-1,7900,KELP,2024,31,,,,,2027,27,,,,,2025.5,0.0,3,4368.087410412024,58,31.0,27.0,58.0
-1,7900,RAINFOREST_RESIN,9996,1,9995.0,26.0,,,10004,1,10005.0,26.0,,,10000.0,0.0,8,4368.087410412024,2,27.0,27.0,54.0
-1,8000,KELP,2024,27,,,,,2026,8,2027.0,27.0,,,2025.0,0.0,2,4368.178702273984,35,27.0,35.0,62.0
-1,8000,RAINFOREST_RESIN,9995,27,,,,,10005,27,,,,,10000.0,0.0,10,4367.904826687508,54,27.0,27.0,54.0
-1,8100,RAINFOREST_RESIN,9996,1,9995.0,22.0,,,10004,1,10005.0,22.0,,,10000.0,0.0,8,4367.950469041517,2,23.0,23.0,46.0
-1,8100,KELP,2023,23,,,,,2027,23,,,,,2025.0,0.0,4,4368.087396103701,46,23.0,23.0,46.0
-1,8200,RAINFOREST_RESIN,9995,23,,,,,10005,23,,,,,10000.0,0.0,10,4368.087396103701,46,23.0,23.0,46.0
-1,8200,KELP,2023,23,,,,,2025,1,2026.0,23.0,,,2024.0,0.0,2,4368.361271689879,24,23.0,24.0,47.0
-1,8300,KELP,2023,30,,,,,2026,30,,,,,2024.5,0.0,3,4368.361271689881,60,30.0,30.0,60.0
-1,8300,RAINFOREST_RESIN,9996,1,9995.0,29.0,,,10004,1,10005.0,29.0,,,10000.0,0.0,8,4368.361271689881,2,30.0,30.0,60.0
-1,8400,RAINFOREST_RESIN,9995,28,,,,,10005,28,,,,,10000.0,0.0,10,4368.4981915985745,56,28.0,28.0,56.0
-1,8400,KELP,2023,28,,,,,2026,28,,,,,2024.5,0.0,3,4368.452549244415,56,28.0,28.0,56.0
-1,8500,KELP,2023,31,,,,,2026,31,,,,,2024.5,0.0,3,4368.361257382456,62,31.0,31.0,62.0
-1,8500,RAINFOREST_RESIN,9998,10,9996.0,2.0,9995.0,29.0,10004,2,10005.0,29.0,,,10001.0,0.0,6,4368.543850644058,12,41.0,31.0,72.0
-1,8600,RAINFOREST_RESIN,9996,1,9995.0,22.0,,,10004,1,10005.0,22.0,,,10000.0,0.0,8,4368.543850644058,2,23.0,23.0,46.0
-1,8600,KELP,2023,22,,,,,2026,23,,,,,2024.5,0.0,3,4368.635132967736,45,22.0,23.0,45.0
-1,8700,KELP,2023,27,,,,,2025,4,2026.0,27.0,,,2024.0,0.0,2,4368.7264248290985,31,27.0,31.0,58.0
-1,8700,RAINFOREST_RESIN,9998,10,9995.0,27.0,,,10005,27,,,,,10001.5,0.0,7,4368.954660442246,37,37.0,27.0,64.0
-1,8800,RAINFOREST_RESIN,9995,25,,,,,9998,1,10005.0,25.0,,,9996.5,0.0,3,4368.133420009057,26,25.0,26.0,51.0
-1,8800,KELP,2024,7,2023.0,25.0,,,2027,25,,,,,2025.5,0.0,3,4367.722638858841,32,32.0,25.0,57.0
-1,8900,KELP,2024,1,2023.0,26.0,,,2027,26,,,,,2025.5,0.0,3,4367.540074229432,27,27.0,26.0,53.0
-1,8900,RAINFOREST_RESIN,9998,9,9995.0,26.0,,,10005,26,,,,,10001.5,0.0,7,4367.722724715938,35,35.0,26.0,61.0
-1,9000,RAINFOREST_RESIN,9996,2,9995.0,29.0,,,10004,2,10005.0,29.0,,,10000.0,0.0,8,4367.448763294198,4,31.0,31.0,62.0
-1,9000,KELP,2023,31,,,,,2027,31,,,,,2025.0,0.0,4,4368.315650797231,62,31.0,31.0,62.0
-1,9100,KELP,2023,29,,,,,2026,2,2027.0,27.0,,,2024.5,0.0,3,4368.498234519505,31,29.0,29.0,58.0
-1,9100,RAINFOREST_RESIN,9998,3,9996.0,2.0,9995.0,27.0,10004,2,10005.0,27.0,,,10001.0,0.0,6,4368.68079916581,5,32.0,29.0,61.0
-1,9200,RAINFOREST_RESIN,9998,10,9995.0,27.0,,,10005,27,,,,,10001.5,0.0,7,4368.68079916581,37,37.0,27.0,64.0
-1,9200,KELP,2023,27,,,,,2025,7,2026.0,27.0,,,2024.0,0.0,2,4369.045928460816,34,27.0,34.0,61.0
-1,9300,KELP,2023,21,,,,,2026,21,,,,,2024.5,0.0,3,4369.1372060167705,42,21.0,21.0,42.0
-1,9300,RAINFOREST_RESIN,9996,1,9995.0,20.0,,,10004,1,10005.0,20.0,,,10000.0,0.0,8,4368.954660442246,2,21.0,21.0,42.0
-1,9400,RAINFOREST_RESIN,9998,2,9996.0,2.0,9995.0,21.0,10004,2,10005.0,21.0,,,10001.0,0.0,6,4368.954660442246,4,25.0,23.0,48.0
-1,9400,KELP,2023,23,,,,,2026,23,,,,,2024.5,0.0,3,4368.7264248290985,46,23.0,23.0,46.0
-1,9500,KELP,2023,35,,,,,2026,31,,,,,2024.5,0.0,3,4368.635132967737,66,35.0,31.0,66.0
-1,9500,RAINFOREST_RESIN,9996,1,9995.0,30.0,,,10004,1,10005.0,30.0,,,10000.0,0.0,8,4368.543850644059,2,31.0,31.0,62.0
-1,9600,RAINFOREST_RESIN,9996,1,9995.0,30.0,,,10004,1,10005.0,30.0,,,10000.0,0.0,8,4368.543850644059,2,31.0,31.0,62.0
-1,9600,KELP,2023,31,,,,,2026,31,,,,,2024.5,0.0,3,4368.361257382457,62,31.0,31.0,62.0
-1,9700,KELP,2023,22,,,,,2026,22,,,,,2024.5,0.0,3,4368.361257382457,44,22.0,22.0,44.0
-1,9700,RAINFOREST_RESIN,9995,22,,,,,10002,1,10005.0,22.0,,,9998.5,0.0,7,4368.087439028667,23,22.0,23.0,45.0
-1,9800,RAINFOREST_RESIN,9995,26,,,,,10005,26,,,,,10000.0,0.0,10,4368.087439028667,52,26.0,26.0,52.0
-1,9800,KELP,2023,26,,,,,2026,26,,,,,2024.5,0.0,3,4367.9504976590615,52,26.0,26.0,52.0
-1,9900,KELP,2025,4,2023.0,25.0,,,2026,25,,,,,2025.5,0.0,1,4367.76794255373,29,29.0,25.0,54.0
-1,9900,RAINFOREST_RESIN,9995,25,,,,,10005,25,,,,,10000.0,0.0,10,4367.813592061825,50,25.0,25.0,50.0
-1,10000,RAINFOREST_RESIN,9995,28,,,,,10005,28,,,,,10000.0,0.0,10,4368.087410412025,56,28.0,28.0,56.0
-1,10000,KELP,2023,36,,,,,2026,28,,,,,2024.5,0.0,3,4368.178702273986,64,36.0,28.0,64.0
-1,10100,KELP,2023,25,,,,,2026,25,,,,,2024.5,0.0,3,4368.178702273986,50,25.0,25.0,50.0
-1,10100,RAINFOREST_RESIN,9996,1,9995.0,24.0,,,10002,3,10004.0,1.0,10005.0,24.0,9999.0,0.0,6,4368.178702273984,4,25.0,28.0,53.0
-1,10200,RAINFOREST_RESIN,9996,2,9995.0,26.0,,,10004,2,10005.0,26.0,,,10000.0,0.0,8,4368.178702273984,4,28.0,28.0,56.0
-1,10200,KELP,2022,28,,,,,2026,28,,,,,2024.0,0.0,4,4368.178702273986,56,28.0,28.0,56.0
-1,10300,KELP,2024,1,2022.0,35.0,,,2025,27,,,,,2024.5,0.0,1,4368.178702273986,28,36.0,27.0,63.0
-1,10300,RAINFOREST_RESIN,9998,4,9995.0,27.0,,,10005,27,,,,,10001.5,0.0,7,4368.589569300374,31,31.0,27.0,58.0
-1,10400,RAINFOREST_RESIN,10002,1,9996.0,1.0,9995.0,28.0,10004,1,10005.0,28.0,,,10003.0,0.0,2,4369.319904172734,2,30.0,29.0,59.0
-1,10400,KELP,2023,1,2022.0,29.0,,,2026,29,,,,,2024.5,0.0,3,4369.684957179413,30,30.0,29.0,59.0
-1,10500,KELP,2023,2,2022.0,29.0,,,2026,31,,,,,2024.5,0.0,3,4369.59366531947,33,31.0,31.0,62.0
-1,10500,RAINFOREST_RESIN,9998,4,9996.0,2.0,9995.0,29.0,10004,2,10005.0,29.0,,,10001.0,0.0,6,4369.36547738914,6,35.0,31.0,66.0
-1,10600,RAINFOREST_RESIN,9996,2,9995.0,29.0,,,10000,4,10004.0,2.0,10005.0,29.0,9998.0,0.0,4,4368.726768178576,6,31.0,35.0,66.0
-1,10600,KELP,2022,31,,,,,2023,4,2024.0,4.0,2025.0,31.0,2022.5,0.0,1,4368.452749544173,35,31.0,39.0,70.0
-1,10700,KELP,2022,29,,,,,2025,28,,,,,2023.5,0.0,3,4368.635304646068,57,29.0,28.0,57.0
-1,10700,RAINFOREST_RESIN,9998,8,9995.0,28.0,,,10005,28,,,,,10001.5,0.0,7,4369.274347646303,36,36.0,28.0,64.0
-1,10800,RAINFOREST_RESIN,9998,5,9996.0,2.0,9995.0,22.0,10004,2,10005.0,22.0,,,10001.0,0.0,6,4369.274347646303,7,29.0,24.0,53.0
-1,10800,KELP,2022,27,,,,,2025,24,,,,,2023.5,0.0,3,4369.776229968766,51,27.0,24.0,51.0
-1,10900,KELP,2022,35,,,,,2025,28,,,,,2023.5,0.0,3,4369.5936367126915,63,35.0,28.0,63.0
-1,10900,RAINFOREST_RESIN,9996,1,9995.0,27.0,,,10004,1,10005.0,27.0,,,10000.0,0.0,8,4369.365448780867,2,28.0,28.0,56.0
-1,11000,KELP,2024,7,2022.0,24.0,,,2025,24,,,,,2024.5,0.0,1,4369.000300411988,31,31.0,24.0,55.0
-1,11000,RAINFOREST_RESIN,9995,24,,,,,10002,7,10005.0,24.0,,,9998.5,0.0,7,4368.315665104806,31,24.0,31.0,55.0
-1,11100,RAINFOREST_RESIN,9998,3,9995.0,21.0,,,10005,21,,,,,10001.5,0.0,7,4368.635261726484,24,24.0,21.0,45.0
-1,11100,KELP,2022,21,,,,,2025,21,,,,,2023.5,0.0,3,4368.635261726484,42,21.0,21.0,42.0
-1,11200,RAINFOREST_RESIN,9996,2,9995.0,21.0,,,10002,7,10004.0,2.0,10005.0,21.0,9999.0,0.0,6,4368.452706622796,9,23.0,30.0,53.0
-1,11200,KELP,2022,23,,,,,2025,23,,,,,2023.5,0.0,3,4368.726553585156,46,23.0,23.0,46.0
-1,11300,KELP,2022,25,,,,,2025,22,,,,,2023.5,0.0,3,4369.04599998673,47,25.0,22.0,47.0
-1,11300,RAINFOREST_RESIN,9996,1,9995.0,21.0,,,10004,1,10005.0,21.0,,,10000.0,0.0,8,4368.635132967738,2,22.0,22.0,44.0
-1,11400,KELP,2022,26,,,,,2025,26,,,,,2023.5,0.0,3,4368.635132967738,52,26.0,26.0,52.0
-1,11400,RAINFOREST_RESIN,9996,1,9995.0,25.0,,,10004,1,10005.0,25.0,,,10000.0,0.0,8,4368.9089799399635,2,26.0,26.0,52.0
-1,11500,RAINFOREST_RESIN,9996,1,9995.0,25.0,,,10002,7,10004.0,1.0,10005.0,25.0,9999.0,0.0,6,4368.726424829098,8,26.0,33.0,59.0
-1,11500,KELP,2022,26,,,,,2024,8,2025.0,26.0,,,2023.0,0.0,2,4368.863359044321,34,26.0,34.0,60.0
-1,11600,RAINFOREST_RESIN,9996,2,9995.0,27.0,,,10002,2,10004.0,2.0,10005.0,27.0,9999.0,0.0,6,4368.680784859433,4,29.0,31.0,60.0
-1,11600,KELP,2022,29,,,,,2026,29,,,,,2024.0,0.0,4,4368.543864950887,58,29.0,29.0,58.0
-1,11700,KELP,2022,23,,,,,2023,2,2026.0,23.0,,,2022.5,0.0,1,4368.543864950889,25,23.0,25.0,48.0
-1,11700,RAINFOREST_RESIN,9996,2,9995.0,21.0,,,10004,2,10005.0,21.0,,,10000.0,0.0,8,4368.817740533478,4,23.0,23.0,46.0
-1,11800,KELP,2022,29,,,,,2024,4,2026.0,29.0,,,2023.0,0.0,2,4368.817740533478,33,29.0,33.0,62.0
-1,11800,RAINFOREST_RESIN,9998,10,9995.0,29.0,,,10000,5,10005.0,29.0,,,9999.0,0.0,2,4368.817740533478,15,39.0,34.0,73.0
-1,11900,RAINFOREST_RESIN,9996,2,9995.0,30.0,,,10004,2,10005.0,30.0,,,10000.0,0.0,8,4369.137220321654,4,32.0,32.0,64.0
-1,11900,KELP,2023,2,2022.0,30.0,,,2024,3,2026.0,32.0,,,2023.5,0.0,1,4368.863359044321,5,32.0,35.0,67.0
-1,12000,RAINFOREST_RESIN,10002,1,9995.0,20.0,,,10005,20,,,,,10003.5,0.0,3,4369.502669068876,21,21.0,20.0,41.0
-1,12000,KELP,2023,20,,,,,2026,20,,,,,2024.5,0.0,3,4369.091887909893,40,20.0,20.0,40.0
-1,12100,KELP,2023,27,,,,,2025,1,2026.0,27.0,,,2024.0,0.0,2,4369.593822656751,28,27.0,28.0,55.0
-1,12100,RAINFOREST_RESIN,9996,2,9995.0,25.0,,,10004,2,10005.0,25.0,,,10000.0,0.0,8,4369.593822656751,4,27.0,27.0,54.0
-1,12200,KELP,2023,34,,,,,2026,30,,,,,2024.5,0.0,3,4369.411238942845,64,34.0,30.0,64.0
-1,12200,RAINFOREST_RESIN,9996,2,9995.0,28.0,,,10004,2,10005.0,28.0,,,10000.0,0.0,8,4368.452549244416,4,30.0,30.0,60.0
-1,12300,RAINFOREST_RESIN,9998,6,9996.0,1.0,9995.0,28.0,10004,1,10005.0,28.0,,,10001.0,0.0,6,4368.680784859432,7,35.0,29.0,64.0
-1,12300,KELP,2023,29,,,,,2026,29,,,,,2024.5,0.0,3,4368.543850644059,58,29.0,29.0,58.0
-1,12400,RAINFOREST_RESIN,9995,26,,,,,10005,26,,,,,10000.0,0.0,10,4368.543850644059,52,26.0,26.0,52.0
-1,12400,KELP,2023,30,,,,,2026,26,,,,,2024.5,0.0,3,4368.543850644059,56,30.0,26.0,56.0
-1,12500,KELP,2023,19,,,,,2026,20,,,,,2024.5,0.0,3,4368.635132967738,39,19.0,20.0,39.0
-1,12500,RAINFOREST_RESIN,9995,20,,,,,10005,20,,,,,10000.0,0.0,10,4368.361257382458,40,20.0,20.0,40.0
-1,12600,KELP,2023,22,,,,,2026,22,,,,,2024.5,0.0,3,4368.361257382458,44,22.0,22.0,44.0
-1,12600,RAINFOREST_RESIN,9995,22,,,,,10005,22,,,,,10000.0,0.0,10,4368.361257382458,44,22.0,22.0,44.0
-1,12700,RAINFOREST_RESIN,9996,2,9995.0,20.0,,,10004,2,10005.0,20.0,,,10000.0,0.0,8,4368.361257382455,4,22.0,22.0,44.0
-1,12700,KELP,2023,22,,,,,2026,22,,,,,2024.5,0.0,3,4368.361257382455,44,22.0,22.0,44.0
-1,12800,RAINFOREST_RESIN,9996,2,9995.0,20.0,,,10004,2,10005.0,20.0,,,10000.0,0.0,8,4368.361257382455,4,22.0,22.0,44.0
-1,12800,KELP,2023,22,,,,,2026,22,,,,,2024.5,0.0,3,4368.361257382455,44,22.0,22.0,44.0
-1,12900,KELP,2023,36,,,,,2026,29,,,,,2024.5,0.0,3,4368.361257382458,65,36.0,29.0,65.0
-1,12900,RAINFOREST_RESIN,9996,1,9995.0,28.0,,,10002,3,10004.0,1.0,10005.0,28.0,9999.0,0.0,6,4368.087410412027,4,29.0,32.0,61.0
-1,13000,KELP,2025,1,2023.0,6.0,2022.0,20.0,2026,20,,,,,2025.5,0.0,1,4367.904855305349,21,27.0,20.0,47.0
-1,13000,RAINFOREST_RESIN,10002,1,9995.0,20.0,,,10005,20,,,,,10003.5,0.0,3,4368.863645159922,21,21.0,20.0,41.0
-1,13100,RAINFOREST_RESIN,9996,1,9995.0,25.0,,,10004,1,10005.0,25.0,,,10000.0,0.0,8,4368.544165394235,2,26.0,26.0,52.0
-1,13100,KELP,2023,33,,,,,2026,26,,,,,2024.5,0.0,3,4368.544165394235,59,33.0,26.0,59.0
-1,13200,RAINFOREST_RESIN,9998,2,9995.0,22.0,,,10005,22,,,,,10001.5,0.0,7,4369.000457770635,24,24.0,22.0,46.0
-1,13200,KELP,2022,22,,,,,2025,5,2026.0,22.0,,,2023.5,0.0,3,4369.548180304231,27,22.0,27.0,49.0
-1,13300,KELP,2023,6,2022.0,24.0,,,2026,24,,,,,2024.5,0.0,3,4368.95467474773,30,30.0,24.0,54.0
-1,13300,RAINFOREST_RESIN,9995,24,,,,,10005,24,,,,,10000.0,0.0,10,4368.95467474773,48,24.0,24.0,48.0
-1,13400,KELP,2023,32,,,,,2026,32,,,,,2024.5,0.0,3,4368.95467474773,64,32.0,32.0,64.0
-1,13400,RAINFOREST_RESIN,9996,2,9995.0,30.0,,,10004,2,10005.0,30.0,,,10000.0,0.0,8,4368.543850644061,4,32.0,32.0,64.0
-1,13500,RAINFOREST_RESIN,9995,30,,,,,10005,30,,,,,10000.0,0.0,10,4368.361257382455,60,30.0,30.0,60.0
-1,13500,KELP,2022,30,,,,,2025,8,2026.0,30.0,,,2023.5,0.0,3,4368.6351329677345,38,30.0,38.0,68.0
-1,13600,RAINFOREST_RESIN,9995,25,,,,,10002,10,10005.0,25.0,,,9998.5,0.0,7,4368.361314612153,35,25.0,35.0,60.0
-1,13600,KELP,2023,24,,,,,2025,3,2026.0,25.0,,,2024.0,0.0,2,4368.498234519504,27,24.0,28.0,52.0
-1,13700,KELP,2023,25,,,,,2026,21,,,,,2024.5,0.0,3,4368.224373243669,46,25.0,21.0,46.0
-1,13700,RAINFOREST_RESIN,9996,1,9995.0,20.0,,,9998,4,10004.0,1.0,10005.0,20.0,9997.0,0.0,2,4367.402789416159,5,21.0,25.0,46.0
-1,13800,KELP,2023,23,,,,,2026,22,,,,,2024.5,0.0,3,4367.220205691493,45,23.0,22.0,45.0
-1,13800,RAINFOREST_RESIN,9996,2,9995.0,20.0,,,10004,2,10005.0,20.0,,,10000.0,0.0,8,4367.631094197408,4,22.0,22.0,44.0
-1,13900,RAINFOREST_RESIN,9996,2,9995.0,20.0,,,10000,6,10004.0,2.0,10005.0,20.0,9998.0,0.0,4,4367.448520017153,8,22.0,28.0,50.0
-1,13900,KELP,2023,22,,,,,2024,6,2025.0,4.0,2026.0,22.0,2023.5,0.0,1,4367.7223955970485,28,22.0,32.0,54.0
-1,14000,RAINFOREST_RESIN,9998,5,9996.0,2.0,9995.0,27.0,10004,2,10005.0,27.0,,,10001.0,0.0,6,4368.452692315669,7,34.0,29.0,63.0
-1,14000,KELP,2023,3,2022.0,29.0,,,2026,29,,,,,2024.5,0.0,3,4368.452692315669,32,32.0,29.0,61.0
-1,14100,KELP,2023,25,,,,,2025,1,2026.0,25.0,,,2024.0,0.0,2,4368.361400456703,26,25.0,26.0,51.0
-1,14100,RAINFOREST_RESIN,9996,2,9995.0,23.0,,,10004,2,10005.0,23.0,,,10000.0,0.0,8,4368.909008551224,4,25.0,25.0,50.0
-1,14200,KELP,2023,20,,,,,2026,21,,,,,2024.5,0.0,3,4368.726424829099,41,20.0,21.0,41.0
-1,14200,RAINFOREST_RESIN,9995,21,,,,,10005,21,,,,,10000.0,0.0,10,4368.452549244417,42,21.0,21.0,42.0
-1,14300,RAINFOREST_RESIN,9996,2,9995.0,27.0,,,10004,2,10005.0,27.0,,,10000.0,0.0,8,4368.4981915985745,4,29.0,29.0,58.0
-1,14300,KELP,2022,29,,,,,2026,29,,,,,2024.0,0.0,4,4368.4981915985745,58,29.0,29.0,58.0
-1,14400,RAINFOREST_RESIN,9996,1,9995.0,29.0,,,10004,1,10005.0,29.0,,,10000.0,0.0,8,4368.4981915985745,2,30.0,30.0,60.0
-1,14400,KELP,2023,30,,,,,2026,30,,,,,2024.5,0.0,3,4368.4981915985745,60,30.0,30.0,60.0
-1,14500,KELP,2023,24,,,,,2026,24,,,,,2024.5,0.0,3,4368.452549244416,48,24.0,24.0,48.0
-1,14500,RAINFOREST_RESIN,9995,24,,,,,10002,1,10005.0,24.0,,,9998.5,0.0,7,4368.041789520797,25,24.0,25.0,49.0
-1,14600,KELP,2022,28,,,,,2024,2,2026.0,28.0,,,2023.0,0.0,2,4368.224401859415,30,28.0,30.0,58.0
-1,14600,RAINFOREST_RESIN,9996,2,9995.0,26.0,,,10000,2,10004.0,2.0,10005.0,26.0,9998.0,0.0,4,4367.676650691995,4,28.0,30.0,58.0
-1,14700,RAINFOREST_RESIN,9995,30,,,,,10002,7,10005.0,30.0,,,9998.5,0.0,7,4367.8592153365025,37,30.0,37.0,67.0
-1,14700,KELP,2022,30,,,,,2025,30,,,,,2023.5,0.0,3,4368.133047996593,60,30.0,30.0,60.0
-1,14800,RAINFOREST_RESIN,9995,28,,,,,10002,6,10005.0,28.0,,,9998.5,0.0,7,4368.133047996593,34,28.0,34.0,62.0
-1,14800,KELP,2022,28,,,,,2025,28,,,,,2023.5,0.0,3,4367.996113780324,56,28.0,28.0,56.0
-1,14900,KELP,2023,4,2022.0,26.0,,,2025,26,,,,,2024.0,0.0,2,4367.9961137803275,30,30.0,26.0,56.0
-1,14900,RAINFOREST_RESIN,10000,4,9995.0,26.0,,,10005,26,,,,,10002.5,0.0,5,4369.091787774668,30,30.0,26.0,56.0
-1,15000,KELP,2024,8,2022.0,25.0,,,2025,25,,,,,2024.5,0.0,1,4368.9092231356835,33,33.0,25.0,58.0
-1,15000,RAINFOREST_RESIN,9998,1,9995.0,25.0,,,10005,25,,,,,10001.5,0.0,7,4369.730592382102,26,26.0,25.0,51.0
-1,15100,RAINFOREST_RESIN,9995,22,,,,,10005,22,,,,,10000.0,0.0,10,4369.228578937019,44,22.0,22.0,44.0
-1,15100,KELP,2022,27,,,,,2025,22,,,,,2023.5,0.0,3,4369.365520301547,49,27.0,22.0,49.0
-1,15200,RAINFOREST_RESIN,9998,6,9995.0,27.0,,,10005,27,,,,,10001.5,0.0,7,4369.182898437648,33,33.0,27.0,60.0
-1,15200,KELP,2022,26,,,,,2025,27,,,,,2023.5,0.0,3,4369.4567454089765,53,26.0,27.0,53.0
-1,15300,KELP,2022,26,,,,,2024,4,2025.0,26.0,,,2023.0,0.0,2,4369.411095902975,30,26.0,30.0,56.0
-1,15300,RAINFOREST_RESIN,9995,26,,,,,10002,1,10005.0,26.0,,,9998.5,0.0,7,4369.000400549311,27,26.0,27.0,53.0
-1,15400,KELP,2022,35,,,,,2025,30,,,,,2023.5,0.0,3,4369.000400549311,65,35.0,30.0,65.0
-1,15400,RAINFOREST_RESIN,9996,2,9995.0,28.0,,,9998,1,10004.0,2.0,10005.0,28.0,9997.0,0.0,2,4367.767928244361,3,30.0,31.0,61.0
-1,15500,RAINFOREST_RESIN,10002,1,9996.0,2.0,9995.0,29.0,10004,2,10005.0,29.0,,,10003.0,0.0,2,4368.772610814164,3,32.0,31.0,63.0
-1,15500,KELP,2022,31,,,,,2024,8,2025.0,31.0,,,2023.0,0.0,2,4368.772610814164,39,31.0,39.0,70.0
-1,15600,RAINFOREST_RESIN,9996,2,9995.0,24.0,,,10004,2,10005.0,24.0,,,10000.0,0.0,8,4369.046429142178,4,26.0,26.0,52.0
-1,15600,KELP,2022,31,,,,,2025,26,,,,,2023.5,0.0,3,4369.046429142178,57,31.0,26.0,57.0
-1,15700,KELP,2022,25,,,,,2025,25,,,,,2023.5,0.0,3,4369.821984360467,50,25.0,25.0,50.0
-1,15700,RAINFOREST_RESIN,10002,5,9996.0,1.0,9995.0,24.0,10004,1,10005.0,24.0,,,10003.0,0.0,2,4369.821984360467,6,30.0,25.0,55.0
-1,15800,KELP,2025,1,2022.0,22.0,,,2026,22,,,,,2025.5,0.0,1,4369.365620430503,23,23.0,22.0,45.0
-1,15800,RAINFOREST_RESIN,9998,10,9996.0,2.0,9995.0,20.0,10004,2,10005.0,20.0,,,10001.0,0.0,6,4369.639410180209,12,32.0,22.0,54.0
-1,15900,RAINFOREST_RESIN,9996,2,9995.0,29.0,,,10000,6,10004.0,2.0,10005.0,29.0,9998.0,0.0,4,4368.726825403485,8,31.0,37.0,68.0
-1,15900,KELP,2023,31,,,,,2024,6,2025.0,2.0,2026.0,31.0,2023.5,0.0,1,4368.726825403485,37,31.0,39.0,70.0
-1,16000,RAINFOREST_RESIN,9996,2,9995.0,27.0,,,10002,6,10004.0,2.0,10005.0,27.0,9999.0,0.0,6,4367.99629979239,8,29.0,35.0,64.0
-1,16000,KELP,2023,29,,,,,2025,2,2026.0,29.0,,,2024.0,0.0,2,4368.407038040298,31,29.0,31.0,60.0
-1,16100,KELP,2022,21,,,,,2023,2,2026.0,21.0,,,2022.5,0.0,1,4368.178730890031,23,21.0,23.0,44.0
-1,16100,RAINFOREST_RESIN,9995,21,,,,,10000,2,10002.0,10.0,10005.0,21.0,9997.5,0.0,5,4368.041818137739,23,21.0,33.0,54.0
-1,16200,KELP,2022,24,,,,,2023,1,2026.0,24.0,,,2022.5,0.0,1,4368.224401859415,25,24.0,25.0,49.0
-1,16200,RAINFOREST_RESIN,9995,24,,,,,9998,1,10005.0,24.0,,,9996.5,0.0,3,4367.539730786663,25,24.0,25.0,49.0
-1,16300,RAINFOREST_RESIN,9996,1,9995.0,22.0,,,10004,1,10005.0,22.0,,,10000.0,0.0,8,4368.361443378972,2,23.0,23.0,46.0
-1,16300,KELP,2023,2,2022.0,23.0,,,2026,23,,,,,2024.5,0.0,3,4367.813778081663,25,25.0,23.0,48.0
-1,16400,RAINFOREST_RESIN,9996,2,9995.0,30.0,,,10002,3,10004.0,2.0,10005.0,30.0,9999.0,0.0,6,4368.0876393451645,5,32.0,35.0,67.0
-1,16400,KELP,2023,2,2022.0,30.0,,,2026,32,,,,,2024.5,0.0,3,4367.539859577702,34,32.0,32.0,64.0
-1,16500,KELP,2023,2,2022.0,21.0,,,2026,23,,,,,2024.5,0.0,3,4368.087410412026,25,23.0,23.0,46.0
-1,16500,RAINFOREST_RESIN,9996,2,9995.0,21.0,,,10002,7,10004.0,2.0,10005.0,21.0,9999.0,0.0,6,4367.813534824952,9,23.0,30.0,53.0
-1,16600,KELP,2022,30,,,,,2023,1,2026.0,30.0,,,2022.5,0.0,1,4368.178759506076,31,30.0,31.0,61.0
-1,16600,RAINFOREST_RESIN,9998,4,9996.0,2.0,9995.0,28.0,10004,2,10005.0,28.0,,,10001.0,0.0,6,4368.726539278929,6,34.0,30.0,64.0
-1,16700,RAINFOREST_RESIN,10002,1,9995.0,26.0,,,10005,26,,,,,10003.5,0.0,3,4369.54833764315,27,27.0,26.0,53.0
-1,16700,KELP,2025,1,2022.0,26.0,,,2026,26,,,,,2025.5,0.0,1,4369.274547908384,27,27.0,26.0,53.0
-1,16800,RAINFOREST_RESIN,9995,26,,,,,10005,26,,,,,10000.0,0.0,10,4369.457017181885,52,26.0,26.0,52.0
-1,16800,KELP,2022,26,,,,,2026,26,,,,,2024.0,0.0,4,4369.0461287333665,52,26.0,26.0,52.0
-1,16900,KELP,2023,1,2022.0,25.0,,,2026,26,,,,,2024.5,0.0,3,4369.228693373699,27,26.0,26.0,52.0
-1,16900,RAINFOREST_RESIN,9996,1,9995.0,25.0,,,10004,1,10005.0,25.0,,,10000.0,0.0,8,4368.270003674228,2,26.0,26.0,52.0
-1,17000,KELP,2023,29,,,,,2026,29,,,,,2024.5,0.0,3,4368.452549244416,58,29.0,29.0,58.0
-1,17000,RAINFOREST_RESIN,9998,9,9995.0,29.0,,,10005,29,,,,,10001.5,0.0,7,4368.863373350103,38,38.0,29.0,67.0
-1,17100,KELP,2023,23,,,,,2026,23,,,,,2024.5,0.0,3,4368.772081489265,46,23.0,23.0,46.0
-1,17100,RAINFOREST_RESIN,9996,2,9995.0,21.0,,,10004,2,10005.0,21.0,,,10000.0,0.0,8,4368.635161580791,4,23.0,23.0,46.0
-1,17200,RAINFOREST_RESIN,9998,3,9996.0,2.0,9995.0,22.0,10004,2,10005.0,22.0,,,10001.0,0.0,6,4368.817726227546,5,27.0,24.0,51.0
-1,17200,KELP,2023,24,,,,,2026,24,,,,,2024.5,0.0,3,4368.817726227546,48,24.0,24.0,48.0
-1,17300,KELP,2023,25,,,,,2025,6,2026.0,25.0,,,2024.0,0.0,2,4368.726424829099,31,25.0,31.0,56.0
-1,17300,RAINFOREST_RESIN,9996,2,9995.0,23.0,,,10002,9,10004.0,2.0,10005.0,23.0,9999.0,0.0,6,4368.4982488264795,11,25.0,34.0,59.0
-1,17400,RAINFOREST_RESIN,10000,6,9998.0,7.0,9995.0,28.0,10005,28,,,,,10002.5,0.0,5,4368.9548034970585,34,41.0,28.0,69.0
-1,17400,KELP,2024,6,2023.0,28.0,,,2026,28,,,,,2025.0,0.0,2,4368.772238856135,34,34.0,28.0,62.0
-1,17500,KELP,2023,26,,,,,2027,26,,,,,2025.0,0.0,4,4368.680956535971,52,26.0,26.0,52.0
-1,17500,RAINFOREST_RESIN,9995,26,,,,,10005,26,,,,,10000.0,0.0,10,4368.361443378973,52,26.0,26.0,52.0
-1,17600,RAINFOREST_RESIN,9998,6,9995.0,30.0,,,10005,30,,,,,10001.5,0.0,7,4368.817783451264,36,36.0,30.0,66.0
-1,17600,KELP,2023,30,,,,,2026,30,,,,,2024.5,0.0,3,4368.589512073668,60,30.0,30.0,60.0
-1,17700,KELP,2025,1,2023.0,29.0,,,2026,29,,,,,2025.5,0.0,1,4368.498234519507,30,30.0,29.0,59.0
-1,17700,RAINFOREST_RESIN,9996,2,9995.0,27.0,,,10004,2,10005.0,27.0,,,10000.0,0.0,8,4368.361314612153,4,29.0,29.0,58.0
-1,17800,RAINFOREST_RESIN,9996,2,9995.0,24.0,,,10002,5,10004.0,2.0,10005.0,24.0,9999.0,0.0,6,4368.178788122119,7,26.0,31.0,57.0
-1,17800,KELP,2023,26,,,,,2026,2,2027.0,24.0,,,2024.5,0.0,3,4367.90485530535,28,26.0,26.0,52.0
-1,17900,KELP,2023,23,,,,,2027,23,,,,,2025.0,0.0,4,4367.81356344339,46,23.0,23.0,46.0
-1,17900,RAINFOREST_RESIN,9995,23,,,,,10005,23,,,,,10000.0,0.0,10,4368.041775212323,46,23.0,23.0,46.0
-1,18000,RAINFOREST_RESIN,9996,2,9995.0,25.0,,,10004,2,10005.0,25.0,,,10000.0,0.0,8,4368.041775212323,4,27.0,27.0,54.0
-1,18000,KELP,2023,27,,,,,2026,27,,,,,2024.5,0.0,3,4368.269975058782,54,27.0,27.0,54.0
-1,18100,KELP,2023,20,,,,,2027,20,,,,,2025.0,0.0,4,4368.178687965964,40,20.0,20.0,40.0
-1,18100,RAINFOREST_RESIN,9995,20,,,,,10005,20,,,,,10000.0,0.0,10,4368.224330320048,40,20.0,20.0,40.0
-1,18200,RAINFOREST_RESIN,9996,1,9995.0,25.0,,,10004,1,10005.0,25.0,,,10000.0,0.0,8,4368.224330320048,2,26.0,26.0,52.0
-1,18200,KELP,2024,21,,,,,2027,26,,,,,2025.5,0.0,3,4368.087410412028,47,21.0,26.0,47.0
-1,18300,KELP,2023,25,,,,,2027,25,,,,,2025.0,0.0,4,4367.996113780328,50,25.0,25.0,50.0
-1,18300,RAINFOREST_RESIN,9996,2,9995.0,23.0,,,10004,2,10005.0,23.0,,,10000.0,0.0,8,4367.95046904152,4,25.0,25.0,50.0
-1,18400,RAINFOREST_RESIN,9996,2,9995.0,23.0,,,10004,2,10005.0,23.0,,,10000.0,0.0,8,4367.95046904152,4,25.0,25.0,50.0
-1,18400,KELP,2024,25,,,,,2026,5,2027.0,25.0,,,2025.0,0.0,2,4367.996113780328,30,25.0,30.0,55.0
-1,18500,KELP,2024,29,,,,,2025,1,2027.0,29.0,,,2024.5,0.0,1,4368.178687965964,30,29.0,30.0,59.0
-1,18500,RAINFOREST_RESIN,9995,29,,,,,10000,2,10005.0,29.0,,,9997.5,0.0,5,4367.768014100569,31,29.0,31.0,60.0
-1,18600,RAINFOREST_RESIN,10002,1,9995.0,20.0,,,10005,20,,,,,10003.5,0.0,3,4368.407424336703,21,21.0,20.0,41.0
-1,18600,KELP,2024,20,,,,,2026,5,2027.0,20.0,,,2025.0,0.0,2,4368.453064300915,25,20.0,25.0,45.0
-1,18700,KELP,2024,22,,,,,2027,22,,,,,2025.5,0.0,3,4368.361786757142,44,22.0,22.0,44.0
-1,18700,RAINFOREST_RESIN,9995,22,,,,,10005,22,,,,,10000.0,0.0,10,4368.133563090766,44,22.0,22.0,44.0
-1,18800,RAINFOREST_RESIN,9996,2,9995.0,26.0,,,10004,2,10005.0,26.0,,,10000.0,0.0,8,4368.589712367142,4,28.0,28.0,56.0
-1,18800,KELP,2024,28,,,,,2027,28,,,,,2025.5,0.0,3,4367.904826687511,56,28.0,28.0,56.0
-1,18900,KELP,2024,22,,,,,2027,22,,,,,2025.5,0.0,3,4367.813534824953,44,22.0,22.0,44.0
-1,18900,RAINFOREST_RESIN,9998,2,9995.0,22.0,,,10005,22,,,,,10001.5,0.0,7,4368.087439028668,24,24.0,22.0,46.0
-1,19000,RAINFOREST_RESIN,9996,2,9995.0,26.0,,,10004,2,10005.0,26.0,,,10000.0,0.0,8,4368.087439028668,4,28.0,28.0,56.0
-1,19000,KELP,2024,18,,,,,2027,28,,,,,2025.5,0.0,3,4368.224358935797,46,18.0,28.0,46.0
-1,19100,KELP,2024,28,,,,,2027,28,,,,,2025.5,0.0,3,4368.224358935797,56,28.0,28.0,56.0
-1,19100,RAINFOREST_RESIN,9996,2,9995.0,26.0,,,10004,2,10005.0,26.0,,,10000.0,0.0,8,4368.087439028668,4,28.0,28.0,56.0
-1,19200,RAINFOREST_RESIN,9996,1,9995.0,20.0,,,9998,1,10004.0,1.0,10005.0,20.0,9997.0,0.0,2,4367.265983999604,2,21.0,22.0,43.0
-1,19200,KELP,2024,21,,,,,2027,21,,,,,2025.5,0.0,3,4366.992079795892,42,21.0,21.0,42.0
-1,19300,KELP,2024,23,,,,,2027,23,,,,,2025.5,0.0,3,4366.992079795892,46,23.0,23.0,46.0
-1,19300,RAINFOREST_RESIN,9996,2,9995.0,21.0,,,10004,2,10005.0,21.0,,,10000.0,0.0,8,4367.265983999604,4,23.0,23.0,46.0
-1,19400,RAINFOREST_RESIN,9995,26,,,,,10005,26,,,,,10000.0,0.0,10,4367.265983999604,52,26.0,26.0,52.0
-1,19400,KELP,2023,26,,,,,2027,26,,,,,2025.0,0.0,4,4367.904826687511,52,26.0,26.0,52.0
-1,19500,KELP,2024,23,,,,,2027,23,,,,,2025.5,0.0,3,4367.904826687511,46,23.0,23.0,46.0
-1,19500,RAINFOREST_RESIN,9995,23,,,,,10005,23,,,,,10000.0,0.0,10,4367.95046904152,46,23.0,23.0,46.0
-1,19600,RAINFOREST_RESIN,9996,2,9995.0,27.0,,,10004,2,10005.0,27.0,,,10000.0,0.0,8,4367.95046904152,4,29.0,29.0,58.0
-1,19600,KELP,2024,2,2023.0,27.0,,,2027,29,,,,,2025.5,0.0,3,4367.904826687511,31,29.0,29.0,58.0
-1,19700,KELP,2024,31,,,,,2026,7,2027.0,32.0,,,2025.0,0.0,2,4367.904826687511,38,31.0,39.0,70.0
-1,19700,RAINFOREST_RESIN,10002,1,9996.0,2.0,9995.0,30.0,10004,2,10005.0,30.0,,,10003.0,0.0,2,4368.498363282289,3,33.0,32.0,65.0
-1,19800,RAINFOREST_RESIN,9996,2,9995.0,29.0,,,10004,2,10005.0,29.0,,,10000.0,0.0,8,4368.498363282289,4,31.0,31.0,62.0
-1,19800,KELP,2024,31,,,,,2027,31,,,,,2025.5,0.0,3,4368.7265392789295,62,31.0,31.0,62.0
-1,19900,KELP,2024,32,,,,,2027,32,,,,,2025.5,0.0,3,4368.7265392789295,64,32.0,32.0,64.0
-1,19900,RAINFOREST_RESIN,9996,2,9995.0,30.0,,,10004,2,10005.0,30.0,,,10000.0,0.0,8,4368.3614290715495,4,32.0,32.0,64.0
-1,20000,KELP,2024,2,2023.0,27.0,,,2027,27,,,,,2025.5,0.0,3,4367.813534824953,29,29.0,27.0,56.0
-1,20000,RAINFOREST_RESIN,9995,27,,,,,10002,4,10005.0,27.0,,,9998.5,0.0,7,4367.4027751055955,31,27.0,31.0,58.0
-1,20100,RAINFOREST_RESIN,10002,1,9996.0,1.0,9995.0,30.0,10004,1,10005.0,30.0,,,10003.0,0.0,2,4368.087696578451,2,32.0,31.0,63.0
-1,20100,KELP,2023,31,,,,,2025,4,2027.0,31.0,,,2024.0,0.0,2,4368.498520659018,35,31.0,35.0,66.0
-1,20200,RAINFOREST_RESIN,9995,29,,,,,9998,1,10005.0,29.0,,,9996.5,0.0,3,4367.859844935508,30,29.0,30.0,59.0
-1,20200,KELP,2023,29,,,,,2027,29,,,,,2025.0,0.0,4,4367.996757668215,58,29.0,29.0,58.0
-1,20300,KELP,2024,26,,,,,2027,27,,,,,2025.5,0.0,3,4368.042390476546,53,26.0,27.0,53.0
-1,20300,RAINFOREST_RESIN,9995,27,,,,,10005,27,,,,,10000.0,0.0,10,4367.220377425447,54,27.0,27.0,54.0
-1,20400,KELP,2024,30,,,,,2025,4,2027.0,29.0,,,2024.5,0.0,1,4367.129071254943,34,30.0,33.0,63.0
-1,20400,RAINFOREST_RESIN,9996,1,9995.0,28.0,,,10000,4,10004.0,1.0,10005.0,28.0,9998.0,0.0,4,4367.539745096781,5,29.0,33.0,62.0
-1,20500,RAINFOREST_RESIN,10000,3,9996.0,2.0,9995.0,30.0,10004,2,10005.0,30.0,,,10002.0,0.0,4,4368.087639345167,5,35.0,32.0,67.0
-1,20500,KELP,2025,4,2024.0,7.0,2023.0,30.0,2027,32,,,,,2026.0,0.0,2,4367.950726599379,36,41.0,32.0,73.0
-1,20600,RAINFOREST_RESIN,9996,2,9995.0,26.0,,,10004,2,10005.0,26.0,,,10000.0,0.0,8,4367.950726599379,4,28.0,28.0,56.0
-1,20600,KELP,2023,28,,,,,2027,28,,,,,2025.0,0.0,4,4367.813778081666,56,28.0,28.0,56.0
-1,20700,KELP,2025,6,2023.0,22.0,,,2027,22,,,,,2026.0,0.0,2,4368.270046597401,28,28.0,22.0,50.0
-1,20700,RAINFOREST_RESIN,10002,1,10000.0,6.0,9998.0,4.0,10005,22,,,,,10003.5,0.0,3,4368.680956535973,23,11.0,22.0,33.0
-1,20800,KELP,2024,2,2023.0,22.0,,,2027,24,,,,,2025.5,0.0,3,4368.772238856137,26,24.0,24.0,48.0
-1,20800,RAINFOREST_RESIN,9996,2,9995.0,22.0,,,10004,2,10005.0,22.0,,,10000.0,0.0,8,4368.772238856137,4,24.0,24.0,48.0
-1,20900,RAINFOREST_RESIN,9995,23,,,,,10005,23,,,,,10000.0,0.0,10,4368.315851103265,46,23.0,23.0,46.0
-1,20900,KELP,2026,1,2023.0,23.0,,,2027,23,,,,,2026.5,0.0,1,4368.178931202343,24,24.0,23.0,47.0
-1,21000,RAINFOREST_RESIN,9996,2,9995.0,26.0,,,10004,2,10005.0,26.0,,,10000.0,0.0,8,4367.539687856315,4,28.0,28.0,56.0
-1,21000,KELP,2024,28,,,,,2027,28,,,,,2025.5,0.0,3,4367.539687856315,56,28.0,28.0,56.0
-1,21100,KELP,2024,2,2023.0,22.0,,,2027,24,,,,,2025.5,0.0,3,4367.630979718876,26,24.0,24.0,48.0
-1,21100,RAINFOREST_RESIN,9996,2,9995.0,22.0,,,10004,2,10005.0,22.0,,,10000.0,0.0,8,4367.630979718876,4,24.0,24.0,48.0
-1,21200,KELP,2024,22,,,,,2027,22,,,,,2025.5,0.0,3,4367.813534824954,44,22.0,22.0,44.0
-1,21200,RAINFOREST_RESIN,9995,22,,,,,9998,1,10005.0,22.0,,,9996.5,0.0,3,4366.855195675725,23,22.0,23.0,45.0
-1,21300,RAINFOREST_RESIN,9996,1,9995.0,29.0,,,10002,7,10004.0,1.0,10005.0,29.0,9999.0,0.0,6,4366.992137043533,8,30.0,37.0,67.0
-1,21300,KELP,2024,1,2023.0,29.0,,,2027,30,,,,,2025.5,0.0,3,4366.992137043533,31,30.0,30.0,60.0
-1,21400,RAINFOREST_RESIN,9995,28,,,,,10005,28,,,,,10000.0,0.0,10,4366.992137043533,56,28.0,28.0,56.0
-1,21400,KELP,2024,28,,,,,2027,28,,,,,2025.5,0.0,3,4366.992137043533,56,28.0,28.0,56.0
-1,21500,KELP,2026,4,2024.0,21.0,,,2027,21,,,,,2026.5,0.0,1,4367.357132752034,25,25.0,21.0,46.0
-1,21500,RAINFOREST_RESIN,9996,1,9995.0,20.0,,,10004,1,10005.0,20.0,,,10000.0,0.0,8,4367.630979718876,2,21.0,21.0,42.0
-1,21600,KELP,2024,27,,,,,2027,2,2028.0,25.0,,,2025.5,0.0,3,4367.630979718876,29,27.0,27.0,54.0
-1,21600,RAINFOREST_RESIN,10002,12,9996.0,2.0,9995.0,25.0,10004,2,10005.0,25.0,,,10003.0,0.0,2,4368.4526923156745,14,39.0,27.0,66.0
-1,21700,RAINFOREST_RESIN,9998,8,9996.0,2.0,9995.0,29.0,10004,2,10005.0,29.0,,,10001.0,0.0,6,4368.270118136016,10,39.0,31.0,70.0
-1,21700,KELP,2024,31,,,,,2027,31,,,,,2025.5,0.0,3,4368.543965098674,62,31.0,31.0,62.0
-1,21800,RAINFOREST_RESIN,9996,2,9995.0,22.0,,,10004,2,10005.0,22.0,,,10000.0,0.0,8,4368.543965098674,4,24.0,24.0,48.0
-1,21800,KELP,2024,24,,,,,2028,24,,,,,2026.0,0.0,4,4368.407038040302,48,24.0,24.0,48.0
-1,21900,KELP,2024,22,,,,,2028,22,,,,,2026.0,0.0,4,4367.9048409964325,44,22.0,22.0,44.0
-1,21900,RAINFOREST_RESIN,10002,3,9996.0,1.0,9995.0,21.0,10004,1,10005.0,21.0,,,10003.0,0.0,2,4368.45267800855,4,25.0,22.0,47.0
-1,22000,KELP,2024,21,,,,,2028,21,,,,,2026.0,0.0,4,4368.361386149281,42,21.0,21.0,42.0
-1,22000,RAINFOREST_RESIN,9995,21,,,,,10005,21,,,,,10000.0,0.0,10,4368.361386149281,42,21.0,21.0,42.0
-1,22100,RAINFOREST_RESIN,9996,2,9995.0,22.0,,,10002,7,10004.0,2.0,10005.0,22.0,9999.0,0.0,6,4367.90506993914,9,24.0,31.0,55.0
-1,22100,KELP,2024,23,,,,,2027,24,,,,,2025.5,0.0,3,4368.042004147859,47,23.0,24.0,47.0
-1,22200,RAINFOREST_RESIN,9998,6,9996.0,1.0,9995.0,20.0,10004,1,10005.0,20.0,,,10001.0,0.0,6,4367.6766650016625,7,27.0,21.0,48.0
-1,22200,KELP,2024,21,,,,,2027,21,,,,,2025.5,0.0,3,4367.813592061828,42,21.0,21.0,42.0
-1,22300,KELP,2023,29,,,,,2026,1,2027.0,28.0,,,2024.5,0.0,3,4367.9961853234345,30,29.0,29.0,58.0
-1,22300,RAINFOREST_RESIN,9996,1,9995.0,28.0,,,10004,1,10005.0,28.0,,,10000.0,0.0,8,4368.270003674232,2,29.0,29.0,58.0
-1,22400,KELP,2023,29,,,,,2026,29,,,,,2024.5,0.0,3,4368.452577858671,58,29.0,29.0,58.0
-1,22400,RAINFOREST_RESIN,9996,2,9995.0,27.0,,,9998,1,10004.0,2.0,10005.0,27.0,9997.0,0.0,2,4367.357247237747,3,29.0,30.0,59.0
-1,22500,RAINFOREST_RESIN,9996,2,9995.0,29.0,,,10004,2,10005.0,29.0,,,10000.0,0.0,8,4367.813706535576,4,31.0,31.0,62.0
-1,22500,KELP,2023,31,,,,,2026,31,,,,,2024.5,0.0,3,4367.813706535576,62,31.0,31.0,62.0
-1,22600,RAINFOREST_RESIN,10000,6,9998.0,6.0,9996.0,2.0,10004,2,10005.0,20.0,,,10002.0,0.0,4,4368.179045666518,8,14.0,22.0,36.0
-1,22600,KELP,2024,6,2023.0,26.0,,,2026,22,,,,,2025.0,0.0,2,4368.042118615622,28,32.0,22.0,54.0
-1,22700,KELP,2023,25,,,,,2026,26,,,,,2024.5,0.0,3,4368.817754839411,51,25.0,26.0,51.0
-1,22700,RAINFOREST_RESIN,9996,2,9995.0,24.0,,,10004,2,10005.0,24.0,,,10000.0,0.0,8,4368.817754839411,4,26.0,26.0,52.0
-1,22800,KELP,2023,27,,,,,2026,28,,,,,2024.5,0.0,3,4368.817754839411,55,27.0,28.0,55.0
-1,22800,RAINFOREST_RESIN,9996,1,9995.0,27.0,,,9998,2,10004.0,1.0,10005.0,27.0,9997.0,0.0,2,4367.448520017158,3,28.0,30.0,58.0
-1,22900,RAINFOREST_RESIN,9996,2,9995.0,30.0,,,10002,8,10004.0,2.0,10005.0,30.0,9999.0,0.0,6,4367.631094197408,10,32.0,40.0,72.0
-1,22900,KELP,2023,2,2022.0,30.0,,,2026,32,,,,,2024.5,0.0,3,4367.631094197408,34,32.0,32.0,64.0
-1,23000,RAINFOREST_RESIN,9996,1,9995.0,21.0,,,10004,1,10005.0,21.0,,,10000.0,0.0,8,4367.631094197408,2,22.0,22.0,44.0
-1,23000,KELP,2022,22,,,,,2026,22,,,,,2024.0,0.0,4,4367.768028409939,44,22.0,22.0,44.0
-1,23100,KELP,2023,23,,,,,2026,23,,,,,2024.5,0.0,3,4368.178702273989,46,23.0,23.0,46.0
-1,23100,RAINFOREST_RESIN,9998,8,9995.0,23.0,,,10005,23,,,,,10001.5,0.0,7,4368.8633733501065,31,31.0,23.0,54.0
-1,23200,KELP,2023,2,2022.0,29.0,,,2024,3,2026.0,31.0,,,2023.5,0.0,1,4369.0459570711855,5,31.0,34.0,65.0
-1,23200,RAINFOREST_RESIN,9998,5,9996.0,2.0,9995.0,29.0,10004,2,10005.0,29.0,,,10001.0,0.0,6,4369.3197897384525,7,36.0,31.0,67.0
-1,23300,RAINFOREST_RESIN,9996,1,9995.0,29.0,,,10004,1,10005.0,29.0,,,10000.0,0.0,8,4369.091601809242,2,30.0,30.0,60.0
-1,23300,KELP,2023,30,,,,,2026,30,,,,,2024.5,0.0,3,4369.091601809242,60,30.0,30.0,60.0
-1,23400,RAINFOREST_RESIN,9996,1,9995.0,29.0,,,10004,1,10005.0,29.0,,,10000.0,0.0,8,4368.817726227549,2,30.0,30.0,60.0
-1,23400,KELP,2023,30,,,,,2026,30,,,,,2024.5,0.0,3,4368.543850644062,60,30.0,30.0,60.0
-1,23500,KELP,2023,29,,,,,2025,4,2026.0,30.0,,,2024.0,0.0,2,4368.45254924442,33,29.0,34.0,63.0
-1,23500,RAINFOREST_RESIN,9998,8,9996.0,2.0,9995.0,28.0,10004,2,10005.0,28.0,,,10001.0,0.0,6,4368.726424829103,10,38.0,30.0,68.0
-1,23600,KELP,2022,27,,,,,2026,27,,,,,2024.0,0.0,4,4368.8177119216225,54,27.0,27.0,54.0
-1,23600,RAINFOREST_RESIN,9995,27,,,,,10005,27,,,,,10000.0,0.0,10,4368.8177119216225,54,27.0,27.0,54.0
-1,23700,RAINFOREST_RESIN,10002,1,9996.0,2.0,9995.0,21.0,10004,2,10005.0,21.0,,,10003.0,0.0,2,4369.365548909825,3,24.0,23.0,47.0
-1,23700,KELP,2023,2,2022.0,21.0,,,2025,7,2026.0,23.0,,,2024.0,0.0,2,4369.365548909825,9,23.0,30.0,53.0
-1,23800,RAINFOREST_RESIN,9995,30,,,,,10005,30,,,,,10000.0,0.0,10,4369.1830128755255,60,30.0,30.0,60.0
-1,23800,KELP,2024,1,2022.0,30.0,,,2026,30,,,,,2025.0,0.0,2,4368.909165913164,31,31.0,30.0,61.0
-1,23900,KELP,2025,1,2023.0,1.0,2022.0,30.0,2026,30,,,,,2025.5,0.0,1,4369.000429159979,31,32.0,30.0,62.0
-1,23900,RAINFOREST_RESIN,9995,30,,,,,10005,30,,,,,10000.0,0.0,10,4368.178716582013,60,30.0,30.0,60.0
-1,24000,KELP,2022,29,,,,,2026,29,,,,,2024.0,0.0,4,4368.178716582013,58,29.0,29.0,58.0
-1,24000,RAINFOREST_RESIN,9998,9,9995.0,29.0,,,10005,29,,,,,10001.5,0.0,7,4368.589540687026,38,38.0,29.0,67.0
-1,24100,RAINFOREST_RESIN,9996,1,9995.0,25.0,,,10004,1,10005.0,25.0,,,10000.0,0.0,8,4368.498263133461,2,26.0,26.0,52.0
-1,24100,KELP,2023,1,2022.0,25.0,,,2025,3,2026.0,26.0,,,2024.0,0.0,2,4368.9090228568575,4,26.0,29.0,55.0
-1,24200,RAINFOREST_RESIN,9996,2,9995.0,28.0,,,10002,6,10004.0,2.0,10005.0,28.0,9999.0,0.0,6,4368.726496360245,8,30.0,36.0,66.0
-1,24200,KELP,2023,30,,,,,2026,30,,,,,2024.5,0.0,3,4368.589569300378,60,30.0,30.0,60.0
-1,24300,KELP,2023,26,,,,,2026,26,,,,,2024.5,0.0,3,4368.178702273989,52,26.0,26.0,52.0
-1,24300,RAINFOREST_RESIN,9996,2,9995.0,24.0,,,10002,1,10004.0,2.0,10005.0,24.0,9999.0,0.0,6,4367.904826687513,3,26.0,27.0,53.0
-1,24400,KELP,2025,1,2023.0,22.0,,,2026,22,,,,,2025.5,0.0,1,4367.630979718877,23,23.0,22.0,45.0
-1,24400,RAINFOREST_RESIN,10002,1,9998.0,4.0,9996.0,1.0,10004,1,10005.0,21.0,,,10003.0,0.0,2,4368.726653728759,2,6.0,22.0,28.0
-1,24500,RAINFOREST_RESIN,10002,1,9996.0,1.0,9995.0,25.0,10004,1,10005.0,25.0,,,10003.0,0.0,2,4369.000586518621,2,27.0,26.0,53.0
-1,24500,KELP,2022,26,,,,,2026,26,,,,,2024.0,0.0,4,4369.137535029088,52,26.0,26.0,52.0
-1,24600,RAINFOREST_RESIN,9995,24,,,,,9998,2,10005.0,24.0,,,9996.5,0.0,3,4368.681600322923,26,24.0,26.0,50.0
-1,24600,KELP,2022,24,,,,,2024,2,2026.0,24.0,,,2023.0,0.0,2,4369.36623550831,26,24.0,26.0,50.0
-1,24700,KELP,2023,25,,,,,2026,25,,,,,2024.5,0.0,3,4368.5901129540725,50,25.0,25.0,50.0
-1,24700,RAINFOREST_RESIN,9995,25,,,,,10005,25,,,,,10000.0,0.0,10,4367.768099956782,50,25.0,25.0,50.0
-1,24800,KELP,2022,23,,,,,2026,23,,,,,2024.0,0.0,4,4367.768099956782,46,23.0,23.0,46.0
-1,24800,RAINFOREST_RESIN,9995,23,,,,,10005,23,,,,,10000.0,0.0,10,4368.726439135332,46,23.0,23.0,46.0
-1,24900,RAINFOREST_RESIN,10002,1,9996.0,1.0,9995.0,22.0,10004,1,10005.0,22.0,,,10003.0,0.0,2,4369.046085817826,2,24.0,23.0,47.0
-1,24900,KELP,2024,4,2022.0,23.0,,,2026,23,,,,,2025.0,0.0,2,4368.9091659131645,27,27.0,23.0,50.0
-1,25000,RAINFOREST_RESIN,9995,23,,,,,10005,23,,,,,10000.0,0.0,10,4368.9091659131645,46,23.0,23.0,46.0
-1,25000,KELP,2023,23,,,,,2026,23,,,,,2024.5,0.0,3,4368.772224550058,46,23.0,23.0,46.0
-1,25100,KELP,2022,25,,,,,2024,4,2026.0,25.0,,,2023.0,0.0,2,4369.365606126372,29,25.0,29.0,54.0
-1,25100,RAINFOREST_RESIN,10002,1,9995.0,25.0,,,10005,25,,,,,10003.5,0.0,3,4369.502583246756,26,26.0,25.0,51.0
-1,25200,KELP,2023,1,2022.0,24.0,,,2025,3,2026.0,25.0,,,2024.0,0.0,2,4369.685128816501,4,25.0,28.0,53.0
-1,25200,RAINFOREST_RESIN,9996,1,9995.0,24.0,,,9998,5,10004.0,1.0,10005.0,24.0,9997.0,0.0,2,4368.863974192842,6,25.0,30.0,55.0
-1,25300,RAINFOREST_RESIN,9996,2,9995.0,22.0,,,10004,2,10005.0,22.0,,,10000.0,0.0,8,4369.000886930565,4,24.0,24.0,48.0
-1,25300,KELP,2023,4,2022.0,22.0,,,2026,24,,,,,2024.5,0.0,3,4368.590084340721,28,26.0,24.0,50.0
-1,25400,RAINFOREST_RESIN,9996,1,9995.0,29.0,,,10004,1,10005.0,29.0,,,10000.0,0.0,8,4367.950640746763,2,30.0,30.0,60.0
-1,25400,KELP,2025,8,2023.0,30.0,,,2026,30,,,,,2025.5,0.0,1,4367.539859577708,38,38.0,30.0,68.0
-1,25500,KELP,2022,21,,,,,2025,21,,,,,2023.5,0.0,3,4368.36131461216,42,21.0,21.0,42.0
-1,25500,RAINFOREST_RESIN,9996,1,9995.0,20.0,,,9998,6,10002.0,9.0,10004.0,1.0,9997.0,0.0,2,4367.53985957771,7,21.0,16.0,37.0
-1,25600,KELP,2023,31,,,,,2026,23,,,,,2024.5,0.0,3,4367.53985957771,54,31.0,23.0,54.0
-1,25600,RAINFOREST_RESIN,9996,1,9995.0,22.0,,,10002,7,10004.0,1.0,10005.0,22.0,9999.0,0.0,6,4367.265926755557,8,23.0,30.0,53.0
-1,25700,RAINFOREST_RESIN,9996,2,9995.0,30.0,,,10004,2,10005.0,30.0,,,10000.0,0.0,8,4367.904969776709,4,32.0,32.0,64.0
-1,25700,KELP,2023,32,,,,,2025,6,2026.0,32.0,,,2024.0,0.0,2,4367.7680284099415,38,32.0,38.0,70.0
-1,25800,RAINFOREST_RESIN,10002,4,9995.0,24.0,,,10005,24,,,,,10003.5,0.0,3,4368.954946551872,28,28.0,24.0,52.0
-1,25800,KELP,2023,23,,,,,2026,24,,,,,2024.5,0.0,3,4368.954946551872,47,23.0,24.0,47.0
-1,25900,KELP,2023,25,,,,,2026,25,,,,,2024.5,0.0,3,4369.411238942849,50,25.0,25.0,50.0
-1,25900,RAINFOREST_RESIN,9996,2,9995.0,23.0,,,10004,2,10005.0,23.0,,,10000.0,0.0,8,4369.411238942849,4,25.0,25.0,50.0
-1,26000,RAINFOREST_RESIN,9996,2,9995.0,27.0,,,10004,2,10005.0,27.0,,,10000.0,0.0,8,4369.000500686635,4,29.0,29.0,58.0
-1,26000,KELP,2023,22,,,,,2026,29,,,,,2024.5,0.0,3,4368.361257382461,51,22.0,29.0,51.0
-1,26100,KELP,2023,20,,,,,2026,20,,,,,2024.5,0.0,3,4368.361257382461,40,20.0,20.0,40.0
-1,26100,RAINFOREST_RESIN,9998,7,9995.0,20.0,,,10005,20,,,,,10001.5,0.0,7,4368.635161580796,27,27.0,20.0,47.0
-1,26200,RAINFOREST_RESIN,9996,1,9995.0,22.0,,,10004,1,10005.0,22.0,,,10000.0,0.0,8,4368.635161580796,2,23.0,23.0,46.0
-1,26200,KELP,2023,23,,,,,2026,23,,,,,2024.5,0.0,3,4368.772081489269,46,23.0,23.0,46.0
-1,26300,KELP,2023,30,,,,,2026,30,,,,,2024.5,0.0,3,4368.772081489269,60,30.0,30.0,60.0
-1,26300,RAINFOREST_RESIN,9996,1,9995.0,29.0,,,9998,1,10004.0,1.0,10005.0,29.0,9997.0,0.0,2,4368.087696578455,2,30.0,31.0,61.0
-1,26400,RAINFOREST_RESIN,9995,22,,,,,10005,22,,,,,10000.0,0.0,10,4367.813706535579,44,22.0,22.0,44.0
-1,26400,KELP,2023,27,,,,,2026,22,,,,,2024.5,0.0,3,4367.539802337247,49,27.0,22.0,49.0
-1,26500,KELP,2023,24,,,,,2026,24,,,,,2024.5,0.0,3,4367.539802337247,48,24.0,24.0,48.0
-1,26500,RAINFOREST_RESIN,9996,1,9995.0,23.0,,,10004,1,10005.0,23.0,,,10000.0,0.0,8,4367.813706535579,2,24.0,24.0,48.0
-1,26600,RAINFOREST_RESIN,9996,2,9995.0,28.0,,,9998,1,10004.0,2.0,10005.0,28.0,9997.0,0.0,2,4367.813706535579,3,30.0,31.0,61.0
-1,26600,KELP,2023,36,,,,,2026,30,,,,,2024.5,0.0,3,4367.539802337246,66,36.0,30.0,66.0
-1,26700,KELP,2023,24,,,,,2025,6,2026.0,24.0,,,2024.0,0.0,2,4367.631094197411,30,24.0,30.0,54.0
-1,26700,RAINFOREST_RESIN,9998,2,9996.0,1.0,9995.0,23.0,10004,1,10005.0,23.0,,,10001.0,0.0,6,4368.133291235521,3,26.0,24.0,50.0
-1,26800,RAINFOREST_RESIN,9996,2,9995.0,28.0,,,10004,2,10005.0,28.0,,,10000.0,0.0,8,4368.133291235521,4,30.0,30.0,60.0
-1,26800,KELP,2025,1,2023.0,30.0,,,2026,30,,,,,2025.5,0.0,1,4368.543879257719,31,31.0,30.0,61.0
-1,26900,KELP,2023,29,,,,,2026,30,,,,,2024.5,0.0,3,4368.543879257719,59,29.0,30.0,59.0
-1,26900,RAINFOREST_RESIN,10002,1,9995.0,30.0,,,10005,30,,,,,10003.5,0.0,3,4368.909180218795,31,31.0,30.0,61.0
-1,27000,RAINFOREST_RESIN,9995,28,,,,,10002,1,10005.0,28.0,,,9998.5,0.0,7,4368.452935536798,29,28.0,29.0,57.0
-1,27000,KELP,2023,30,,,,,2026,28,,,,,2024.5,0.0,3,4368.7267824848095,58,30.0,28.0,58.0
-1,27100,KELP,2023,27,,,,,2026,24,,,,,2024.5,0.0,3,4368.909337580728,51,27.0,24.0,51.0
-1,27100,RAINFOREST_RESIN,9995,24,,,,,10005,24,,,,,10000.0,0.0,10,4368.726782484808,48,24.0,24.0,48.0
-1,27200,RAINFOREST_RESIN,9998,2,9995.0,21.0,,,10005,21,,,,,10001.5,0.0,7,4368.36138614928,23,23.0,21.0,44.0
-1,27200,KELP,2023,21,,,,,2025,2,2026.0,21.0,,,2024.0,0.0,2,4368.8633733501065,23,21.0,23.0,44.0
-1,27300,KELP,2025,1,2023.0,31.0,,,2026,31,,,,,2025.5,0.0,1,4368.680827778573,32,32.0,31.0,63.0
-1,27300,RAINFOREST_RESIN,9996,2,9995.0,29.0,,,10004,2,10005.0,29.0,,,10000.0,0.0,8,4368.498263133461,4,31.0,31.0,62.0
-1,27400,RAINFOREST_RESIN,9995,21,,,,,10005,21,,,,,10000.0,0.0,10,4368.498263133461,42,21.0,21.0,42.0
-1,27400,KELP,2023,21,,,,,2026,21,,,,,2024.5,0.0,3,4368.270003674232,42,21.0,21.0,42.0
-1,27500,KELP,2023,23,,,,,2025,6,2026.0,23.0,,,2024.0,0.0,2,4368.270003674232,29,23.0,29.0,52.0
-1,27500,RAINFOREST_RESIN,9996,1,9995.0,22.0,,,10004,1,10005.0,22.0,,,10000.0,0.0,8,4368.49819159858,2,23.0,23.0,46.0
-1,27600,RAINFOREST_RESIN,9998,5,9995.0,24.0,,,10005,24,,,,,10001.5,0.0,7,4368.772095795346,29,29.0,24.0,53.0
-1,27600,KELP,2023,30,,,,,2026,24,,,,,2024.5,0.0,3,4368.8633733501065,54,30.0,24.0,54.0
-1,27700,KELP,2023,19,,,,,2026,24,,,,,2024.5,0.0,3,4368.8633733501065,43,19.0,24.0,43.0
-1,27700,RAINFOREST_RESIN,9995,24,,,,,10005,24,,,,,10000.0,0.0,10,4368.635161580795,48,24.0,24.0,48.0
-1,27800,RAINFOREST_RESIN,9998,9,9996.0,2.0,9995.0,26.0,10004,2,10005.0,26.0,,,10001.0,0.0,6,4368.81772622755,11,37.0,28.0,65.0
-1,27800,KELP,2023,28,,,,,2025,3,2026.0,28.0,,,2024.0,0.0,2,4368.726424829103,31,28.0,31.0,59.0
-1,27900,KELP,2025,1,2023.0,29.0,,,2026,29,,,,,2025.5,0.0,1,4368.543879257719,30,30.0,29.0,59.0
-1,27900,RAINFOREST_RESIN,9996,2,9995.0,27.0,,,10002,4,10004.0,2.0,10005.0,27.0,9999.0,0.0,6,4368.224416167291,6,29.0,33.0,62.0
-1,28000,RAINFOREST_RESIN,9998,2,9995.0,28.0,,,10005,28,,,,,10001.5,0.0,7,4368.498320361365,30,30.0,28.0,58.0
-1,28000,KELP,2023,28,,,,,2026,28,,,,,2024.5,0.0,3,4368.407023733031,56,28.0,28.0,56.0
-1,28100,KELP,2023,26,,,,,2026,26,,,,,2024.5,0.0,3,4368.315722335106,52,26.0,26.0,52.0
-1,28100,RAINFOREST_RESIN,9996,2,9995.0,24.0,,,10004,2,10005.0,24.0,,,10000.0,0.0,8,4368.452635087173,4,26.0,26.0,52.0
-1,28200,RAINFOREST_RESIN,9996,1,9995.0,25.0,,,9998,2,10004.0,1.0,10005.0,25.0,9997.0,0.0,2,4368.087696578455,3,26.0,28.0,54.0
-1,28200,KELP,2023,26,,,,,2025,5,2026.0,1.0,2027.0,25.0,2024.0,0.0,2,4367.631094197412,31,26.0,31.0,57.0
-1,28300,KELP,2023,24,,,,,2024,2,2027.0,24.0,,,2023.5,0.0,1,4367.813677917143,26,24.0,26.0,50.0
-1,28300,RAINFOREST_RESIN,9996,1,9995.0,23.0,,,10004,1,10005.0,23.0,,,10000.0,0.0,8,4368.224502014527,2,24.0,24.0,48.0
-1,28400,RAINFOREST_RESIN,9996,2,9995.0,23.0,,,10004,2,10005.0,23.0,,,10000.0,0.0,8,4368.224502014527,4,25.0,25.0,50.0
-1,28400,KELP,2023,24,,,,,2027,25,,,,,2025.0,0.0,4,4368.5438649508915,49,24.0,25.0,49.0
-1,28500,KELP,2023,23,,,,,2027,23,,,,,2025.0,0.0,4,4368.361300304735,46,23.0,23.0,46.0
-1,28500,RAINFOREST_RESIN,9998,10,9995.0,23.0,,,10005,23,,,,,10001.5,0.0,7,4368.361300304734,33,33.0,23.0,56.0
-1,28600,RAINFOREST_RESIN,10002,1,9996.0,2.0,9995.0,21.0,10004,2,10005.0,21.0,,,10003.0,0.0,2,4368.909108690643,3,24.0,23.0,47.0
-1,28600,KELP,2023,23,,,,,2025,8,2027.0,23.0,,,2024.0,0.0,2,4369.502397298814,31,23.0,31.0,54.0
-1,28700,RAINFOREST_RESIN,9995,30,,,,,10005,30,,,,,10000.0,0.0,10,4369.182984266059,60,30.0,30.0,60.0
-1,28700,KELP,2023,30,,,,,2027,30,,,,,2025.0,0.0,4,4369.182984266059,60,30.0,30.0,60.0
-1,28800,RAINFOREST_RESIN,9995,27,,,,,10005,27,,,,,10000.0,0.0,10,4368.9091659131645,54,27.0,27.0,54.0
-1,28800,KELP,2024,27,,,,,2027,27,,,,,2025.5,0.0,3,4368.178716582012,54,27.0,27.0,54.0
-1,28900,KELP,2024,26,,,,,2027,22,,,,,2025.5,0.0,3,4367.904826687513,48,26.0,22.0,48.0
-1,28900,RAINFOREST_RESIN,9998,7,9996.0,1.0,9995.0,21.0,10004,1,10005.0,21.0,,,10001.0,0.0,6,4368.17870227399,8,29.0,22.0,51.0
-1,29000,KELP,2024,23,,,,,2027,24,,,,,2025.5,0.0,3,4368.08741041203,47,23.0,24.0,47.0
-1,29000,RAINFOREST_RESIN,9995,24,,,,,10005,24,,,,,10000.0,0.0,10,4368.08741041203,48,24.0,24.0,48.0
-1,29100,RAINFOREST_RESIN,9996,2,9995.0,26.0,,,10004,2,10005.0,26.0,,,10000.0,0.0,8,4367.996128088951,4,28.0,28.0,56.0
-1,29100,KELP,2024,31,,,,,2027,28,,,,,2025.5,0.0,3,4367.996128088951,59,31.0,28.0,59.0
-1,29200,RAINFOREST_RESIN,9996,1,9995.0,30.0,,,10004,1,10005.0,30.0,,,10000.0,0.0,8,4367.813534824955,2,31.0,31.0,62.0
-1,29200,KELP,2026,1,2024.0,31.0,,,2027,31,,,,,2026.5,0.0,1,4367.539687856319,32,32.0,31.0,63.0
-1,29300,KELP,2024,32,,,,,2026,2,2027.0,32.0,,,2025.0,0.0,2,4367.722281120914,34,32.0,34.0,66.0
-1,29300,RAINFOREST_RESIN,9996,2,9995.0,30.0,,,10002,3,10004.0,2.0,10005.0,30.0,9999.0,0.0,6,4367.4484341546695,5,32.0,35.0,67.0
-1,29400,KELP,2024,25,,,,,2027,26,,,,,2025.5,0.0,3,4367.4484341546695,51,25.0,26.0,51.0
-1,29400,RAINFOREST_RESIN,10002,1,9996.0,1.0,9995.0,25.0,10004,1,10005.0,25.0,,,10003.0,0.0,2,4368.270232597804,2,27.0,26.0,53.0
-1,29500,RAINFOREST_RESIN,9996,2,9995.0,27.0,,,10004,2,10005.0,27.0,,,10000.0,0.0,8,4368.315865410842,4,29.0,29.0,58.0
-1,29500,KELP,2024,31,,,,,2027,29,,,,,2025.5,0.0,3,4368.178931202347,60,31.0,29.0,60.0
-1,29600,RAINFOREST_RESIN,9996,2,9995.0,28.0,,,10004,2,10005.0,28.0,,,10000.0,0.0,8,4368.361429071554,4,30.0,30.0,60.0
-1,29600,KELP,2024,2,2023.0,28.0,,,2025,3,2027.0,30.0,,,2024.5,0.0,1,4368.635304646071,5,30.0,33.0,63.0
-1,29700,KELP,2024,28,,,,,2027,26,,,,,2025.5,0.0,3,4367.996128088952,54,28.0,26.0,54.0
-1,29700,RAINFOREST_RESIN,9996,1,9995.0,25.0,,,10002,4,10004.0,1.0,10005.0,25.0,9999.0,0.0,6,4367.722281120914,5,26.0,30.0,56.0
-1,29800,KELP,2024,31,,,,,2026,1,2027.0,1.0,2028.0,30.0,2025.0,0.0,2,4367.813563443394,32,31.0,32.0,63.0
-1,29800,RAINFOREST_RESIN,9998,6,9996.0,1.0,9995.0,30.0,10004,1,10005.0,30.0,,,10001.0,0.0,6,4368.087467645317,7,37.0,31.0,68.0
-1,29900,RAINFOREST_RESIN,9995,21,,,,,10005,21,,,,,10000.0,0.0,10,4367.950526276605,42,21.0,21.0,42.0
-1,29900,KELP,2025,8,2024.0,21.0,,,2028,21,,,,,2026.5,0.0,3,4367.676693621001,29,29.0,21.0,50.0
-1,30000,RAINFOREST_RESIN,9998,3,9996.0,1.0,9995.0,30.0,10004,1,10005.0,30.0,,,10001.0,0.0,6,4368.041803829271,4,34.0,31.0,65.0
-1,30000,KELP,2024,31,,,,,2028,31,,,,,2026.0,0.0,4,4367.767913934997,62,31.0,31.0,62.0
-1,30100,KELP,2024,30,,,,,2027,30,,,,,2025.5,0.0,3,4367.813563443393,60,30.0,30.0,60.0
-1,30100,RAINFOREST_RESIN,9996,2,9995.0,28.0,,,10004,2,10005.0,28.0,,,10000.0,0.0,8,4367.813563443393,4,30.0,30.0,60.0
-1,30200,KELP,2024,22,,,,,2027,22,,,,,2025.5,0.0,3,4367.996128088952,44,22.0,22.0,44.0
-1,30200,RAINFOREST_RESIN,9996,2,9995.0,20.0,,,10004,2,10005.0,20.0,,,10000.0,0.0,8,4367.722252501877,4,22.0,22.0,44.0
-1,30300,RAINFOREST_RESIN,9996,2,9995.0,29.0,,,10002,9,10004.0,2.0,10005.0,29.0,9999.0,0.0,6,4367.630979718876,11,31.0,40.0,71.0
-1,30300,KELP,2026,1,2024.0,31.0,,,2027,31,,,,,2026.5,0.0,1,4367.357132752034,32,32.0,31.0,63.0
-1,30400,RAINFOREST_RESIN,10000,5,9996.0,2.0,9995.0,29.0,10002,8,10004.0,2.0,10005.0,29.0,10001.0,0.0,2,4367.539745096782,13,36.0,39.0,75.0
-1,30400,KELP,2025,5,2024.0,31.0,,,2027,31,,,,,2026.0,0.0,2,4367.402803726726,36,36.0,31.0,67.0
-1,30500,KELP,2024,22,,,,,2027,22,,,,,2025.5,0.0,3,4367.539745096783,44,22.0,22.0,44.0
-1,30500,RAINFOREST_RESIN,9998,5,9996.0,2.0,9995.0,20.0,10004,2,10005.0,20.0,,,10001.0,0.0,6,4368.087410412029,7,27.0,22.0,49.0
-1,30600,KELP,2024,1,2023.0,20.0,,,2027,22,,,,,2025.5,0.0,3,4368.269975058784,23,21.0,22.0,43.0
-1,30600,RAINFOREST_RESIN,9996,2,9995.0,20.0,,,10002,4,10004.0,2.0,10005.0,20.0,9999.0,0.0,6,4367.722309739948,6,22.0,26.0,48.0
-1,30700,RAINFOREST_RESIN,9995,30,,,,,10005,30,,,,,10000.0,0.0,10,4367.813592061831,60,30.0,30.0,60.0
-1,30700,KELP,2024,30,,,,,2027,30,,,,,2025.5,0.0,3,4367.813592061831,60,30.0,30.0,60.0
-1,30800,RAINFOREST_RESIN,9996,1,9995.0,30.0,,,10004,1,10005.0,30.0,,,10000.0,0.0,8,4367.630979718876,2,31.0,31.0,62.0
-1,30800,KELP,2024,4,2023.0,30.0,,,2027,31,,,,,2025.5,0.0,3,4367.630979718876,35,34.0,31.0,65.0
-1,30900,KELP,2023,30,,,,,2025,7,2026.0,30.0,,,2024.0,0.0,2,4368.087439028673,37,30.0,37.0,67.0
-1,30900,RAINFOREST_RESIN,9996,2,9995.0,28.0,,,10002,6,10004.0,2.0,10005.0,28.0,9999.0,0.0,6,4367.813592061831,8,30.0,36.0,66.0
-1,31000,KELP,2024,4,2023.0,30.0,,,2026,23,,,,,2025.0,0.0,2,4367.904869614272,27,34.0,23.0,57.0
-1,31000,RAINFOREST_RESIN,10000,4,9996.0,1.0,9995.0,22.0,10004,1,10005.0,22.0,,,10002.0,0.0,4,4368.4527066228,5,27.0,23.0,50.0
-1,31100,RAINFOREST_RESIN,9996,2,9995.0,27.0,,,10004,2,10005.0,27.0,,,10000.0,0.0,8,4368.543979405504,4,29.0,29.0,58.0
-1,31100,KELP,2023,29,,,,,2026,2,2027.0,27.0,,,2024.5,0.0,3,4368.407038040305,31,29.0,29.0,58.0
-1,31200,RAINFOREST_RESIN,9996,2,9995.0,29.0,,,10002,6,10004.0,2.0,10005.0,29.0,9999.0,0.0,6,4368.407038040305,8,31.0,37.0,68.0
-1,31200,KELP,2023,31,,,,,2026,31,,,,,2024.5,0.0,3,4368.543965098677,62,31.0,31.0,62.0
-1,31300,KELP,2023,24,,,,,2026,24,,,,,2024.5,0.0,3,4368.087410412029,48,24.0,24.0,48.0
-1,31300,RAINFOREST_RESIN,9996,1,9995.0,23.0,,,10004,1,10005.0,23.0,,,10000.0,0.0,8,4368.087410412029,2,24.0,24.0,48.0
-1,31400,KELP,2023,26,,,,,2026,26,,,,,2024.5,0.0,3,4368.087410412029,52,26.0,26.0,52.0
-1,31400,RAINFOREST_RESIN,9995,26,,,,,9998,1,10005.0,26.0,,,9996.5,0.0,3,4367.402918211242,27,26.0,27.0,53.0
-1,31500,RAINFOREST_RESIN,9995,30,,,,,10005,30,,,,,10000.0,0.0,10,4367.722481454159,60,30.0,30.0,60.0
-1,31500,KELP,2023,35,,,,,2026,30,,,,,2024.5,0.0,3,4367.722481454159,65,35.0,30.0,65.0
-1,31600,RAINFOREST_RESIN,9995,27,,,,,10005,27,,,,,10000.0,0.0,10,4367.722481454159,54,27.0,27.0,54.0
-1,31600,KELP,2025,1,2023.0,27.0,,,2026,27,,,,,2025.5,0.0,1,4367.448634500476,28,28.0,27.0,55.0
-1,31700,KELP,2023,24,,,,,2025,3,2026.0,24.0,,,2024.0,0.0,2,4368.270003674232,27,24.0,27.0,51.0
-1,31700,RAINFOREST_RESIN,9996,2,9995.0,22.0,,,10004,2,10005.0,22.0,,,10000.0,0.0,8,4368.270003674232,4,24.0,24.0,48.0
-1,31800,KELP,2024,6,2023.0,26.0,,,2026,1,2027.0,25.0,,,2025.0,0.0,2,4368.1787165820115,7,32.0,26.0,58.0
-1,31800,RAINFOREST_RESIN,10000,6,9996.0,1.0,9995.0,25.0,10004,1,10005.0,25.0,,,10002.0,0.0,4,4368.726496360246,7,32.0,26.0,58.0
-1,31900,RAINFOREST_RESIN,9998,3,9995.0,28.0,,,10005,28,,,,,10001.5,0.0,7,4369.000343327988,31,31.0,28.0,59.0
-1,31900,KELP,2024,4,2023.0,28.0,,,2027,28,,,,,2025.5,0.0,3,4368.589540687026,32,32.0,28.0,60.0
-1,32000,RAINFOREST_RESIN,9996,1,9995.0,24.0,,,10004,1,10005.0,24.0,,,10000.0,0.0,8,4368.589540687026,2,25.0,25.0,50.0
-1,32000,KELP,2024,2,2023.0,25.0,,,2026,1,2027.0,24.0,,,2025.0,0.0,2,4368.589540687026,3,27.0,25.0,52.0
-1,32100,KELP,2023,29,,,,,2026,29,,,,,2024.5,0.0,3,4368.498234519509,58,29.0,29.0,58.0
-1,32100,RAINFOREST_RESIN,9996,1,9995.0,28.0,,,10004,1,10005.0,28.0,,,10000.0,0.0,8,4368.08741041203,2,29.0,29.0,58.0
-1,32200,KELP,2023,28,,,,,2027,28,,,,,2025.0,0.0,4,4368.178687965967,56,28.0,28.0,56.0
-1,32200,RAINFOREST_RESIN,9996,1,9995.0,27.0,,,10004,1,10005.0,27.0,,,10000.0,0.0,8,4368.178687965967,2,28.0,28.0,56.0
-1,32300,RAINFOREST_RESIN,9995,25,,,,,10005,25,,,,,10000.0,0.0,10,4368.224330320053,50,25.0,25.0,50.0
-1,32300,KELP,2023,25,,,,,2026,25,,,,,2024.5,0.0,3,4368.224330320053,50,25.0,25.0,50.0
-1,32400,RAINFOREST_RESIN,9996,1,9995.0,30.0,,,10004,1,10005.0,30.0,,,10000.0,0.0,8,4368.224330320053,2,31.0,31.0,62.0
-1,32400,KELP,2023,30,,,,,2026,1,2027.0,30.0,,,2024.5,0.0,3,4368.361257382461,31,30.0,31.0,61.0
-1,32500,KELP,2023,21,,,,,2025,5,2027.0,22.0,,,2024.0,0.0,2,4368.45254924442,26,21.0,27.0,48.0
-1,32500,RAINFOREST_RESIN,9998,1,9996.0,1.0,9995.0,21.0,10004,1,10005.0,21.0,,,10001.0,0.0,6,4368.726424829103,2,23.0,22.0,45.0
-1,32600,KELP,2023,30,,,,,2027,30,,,,,2025.0,0.0,4,4368.635147274269,60,30.0,30.0,60.0
-1,32600,RAINFOREST_RESIN,10002,1,9995.0,30.0,,,10005,30,,,,,10003.5,0.0,3,4369.593736836421,31,31.0,30.0,61.0
-1,32700,RAINFOREST_RESIN,9996,2,9995.0,22.0,,,10004,2,10005.0,22.0,,,10000.0,0.0,8,4369.183041484996,4,24.0,24.0,48.0
-1,32700,KELP,2023,24,,,,,2026,2,2027.0,22.0,,,2024.5,0.0,3,4369.04610012301,26,24.0,24.0,48.0
-1,32800,RAINFOREST_RESIN,9996,2,9995.0,28.0,,,10004,2,10005.0,28.0,,,10000.0,0.0,8,4368.863573631028,4,30.0,30.0,60.0
-1,32800,KELP,2023,30,,,,,2026,2,2027.0,28.0,,,2024.5,0.0,3,4369.000500686636,32,30.0,30.0,60.0
-1,32900,KELP,2023,29,,,,,2026,2,2027.0,27.0,,,2024.5,0.0,3,4368.36125738246,31,29.0,29.0,58.0
-1,32900,RAINFOREST_RESIN,9996,2,9995.0,27.0,,,10004,2,10005.0,27.0,,,10000.0,0.0,8,4368.36125738246,4,29.0,29.0,58.0
-1,33000,KELP,2025,1,2023.0,30.0,,,2026,30,,,,,2025.5,0.0,1,4368.178702273989,31,31.0,30.0,61.0
-1,33000,RAINFOREST_RESIN,9996,2,9995.0,28.0,,,10004,2,10005.0,28.0,,,10000.0,0.0,8,4368.178702273989,4,30.0,30.0,60.0
-1,33100,RAINFOREST_RESIN,9996,1,9995.0,28.0,,,10004,1,10005.0,28.0,,,10000.0,0.0,8,4368.08741041203,2,29.0,29.0,58.0
-1,33100,KELP,2023,28,,,,,2025,3,2026.0,29.0,,,2024.0,0.0,2,4368.2243589357995,31,28.0,32.0,60.0
-1,33200,RAINFOREST_RESIN,9996,1,9995.0,20.0,,,10002,7,10004.0,1.0,10005.0,20.0,9999.0,0.0,6,4368.041803829272,8,21.0,28.0,49.0
-1,33200,KELP,2023,20,,,,,2024,10,2026.0,1.0,2027.0,20.0,2023.5,0.0,1,4368.589497766994,30,20.0,31.0,51.0
-1,33300,KELP,2024,1,2023.0,20.0,,,2027,21,,,,,2025.5,0.0,3,4368.17875950608,22,21.0,21.0,42.0
-1,33300,RAINFOREST_RESIN,9996,1,9995.0,20.0,,,10004,1,10005.0,20.0,,,10000.0,0.0,8,4368.17875950608,2,21.0,21.0,42.0
-1,33400,KELP,2023,32,,,,,2027,32,,,,,2025.0,0.0,4,4367.9961853234345,64,32.0,32.0,64.0
-1,33400,RAINFOREST_RESIN,9996,2,9995.0,30.0,,,10002,3,10004.0,2.0,10005.0,30.0,9999.0,0.0,6,4367.9961853234345,5,32.0,35.0,67.0
-1,33500,RAINFOREST_RESIN,9996,1,9995.0,20.0,,,10004,1,10005.0,20.0,,,10000.0,0.0,8,4367.7679139349975,2,21.0,21.0,42.0
-1,33500,KELP,2023,21,,,,,2026,21,,,,,2024.5,0.0,3,4368.041775212329,42,21.0,21.0,42.0
-1,33600,RAINFOREST_RESIN,10002,6,9995.0,27.0,,,10005,27,,,,,10003.5,0.0,3,4368.681085293372,33,33.0,27.0,60.0
-1,33600,KELP,2023,27,,,,,2026,27,,,,,2024.5,0.0,3,4368.81801234614,54,27.0,27.0,54.0
-1,33700,KELP,2023,32,,,,,2026,28,,,,,2024.5,0.0,3,4369.319947085595,60,32.0,28.0,60.0
-1,33700,RAINFOREST_RESIN,9996,1,9995.0,27.0,,,10002,1,10004.0,1.0,10005.0,27.0,9999.0,0.0,6,4369.046200259282,2,28.0,29.0,57.0
-1,33800,KELP,2024,3,2023.0,31.0,,,2026,26,,,,,2025.0,0.0,2,4368.9549179409105,29,34.0,26.0,60.0
-1,33800,RAINFOREST_RESIN,9996,1,9995.0,25.0,,,10004,1,10005.0,25.0,,,10000.0,0.0,8,4367.996128088951,2,26.0,26.0,52.0
-1,33900,RAINFOREST_RESIN,9995,24,,,,,10005,24,,,,,10000.0,0.0,10,4368.041775212329,48,24.0,24.0,48.0
-1,33900,KELP,2023,24,,,,,2026,24,,,,,2024.5,0.0,3,4368.041775212329,48,24.0,24.0,48.0
-1,34000,RAINFOREST_RESIN,10002,1,9995.0,30.0,,,10005,30,,,,,10003.5,0.0,3,4368.863573631028,31,31.0,30.0,61.0
-1,34000,KELP,2023,29,,,,,2025,8,2026.0,30.0,,,2024.0,0.0,2,4369.13743489491,37,29.0,38.0,67.0
-1,34100,KELP,2023,25,,,,,2026,23,,,,,2024.5,0.0,3,4369.411238942848,48,25.0,23.0,48.0
-1,34100,RAINFOREST_RESIN,9996,1,9995.0,22.0,,,10004,1,10005.0,22.0,,,10000.0,0.0,8,4369.411238942848,2,23.0,23.0,46.0
-1,34200,KELP,2022,23,,,,,2024,1,2026.0,23.0,,,2023.0,0.0,2,4369.6851288165,24,23.0,24.0,47.0
-1,34200,RAINFOREST_RESIN,9995,23,,,,,10005,23,,,,,10000.0,0.0,10,4368.726439135332,46,23.0,23.0,46.0
-1,34300,RAINFOREST_RESIN,10002,1,9996.0,1.0,9995.0,22.0,10004,1,10005.0,22.0,,,10003.0,0.0,2,4369.319975694168,2,24.0,23.0,47.0
-1,34300,KELP,2022,23,,,,,2026,23,,,,,2024.0,0.0,4,4369.456888447359,46,23.0,23.0,46.0
-1,34400,RAINFOREST_RESIN,9996,2,9995.0,23.0,,,10004,2,10005.0,23.0,,,10000.0,0.0,8,4369.456888447359,4,25.0,25.0,50.0
-1,34400,KELP,2023,3,2022.0,25.0,,,2025,2,2026.0,23.0,,,2024.0,0.0,2,4369.183012875528,5,28.0,25.0,53.0
-1,34500,KELP,2022,30,,,,,2023,5,2024.0,1.0,2026.0,30.0,2022.5,0.0,1,4369.730735411517,35,30.0,36.0,66.0
-1,34500,RAINFOREST_RESIN,9995,30,,,,,10005,30,,,,,10000.0,0.0,10,4368.909022856859,60,30.0,30.0,60.0
-1,34600,KELP,2022,29,,,,,2023,1,2026.0,29.0,,,2022.5,0.0,1,4369.182884132922,30,29.0,30.0,59.0
-1,34600,RAINFOREST_RESIN,9995,29,,,,,10005,29,,,,,10000.0,0.0,10,4369.182884132922,58,29.0,29.0,58.0
-1,34700,RAINFOREST_RESIN,9998,6,9995.0,24.0,,,10005,24,,,,,10001.5,0.0,7,4369.730606685049,30,30.0,24.0,54.0
-1,34700,KELP,2023,24,,,,,2026,24,,,,,2024.5,0.0,3,4369.182941351859,48,24.0,24.0,48.0
-1,34800,RAINFOREST_RESIN,9996,2,9995.0,23.0,,,10004,2,10005.0,23.0,,,10000.0,0.0,8,4369.182941351859,4,25.0,25.0,50.0
-1,34800,KELP,2023,2,2022.0,23.0,,,2026,25,,,,,2024.5,0.0,3,4368.635161580798,27,25.0,25.0,50.0
-1,34900,KELP,2023,21,,,,,2026,21,,,,,2024.5,0.0,3,4368.772081489269,42,21.0,21.0,42.0
-1,34900,RAINFOREST_RESIN,9996,1,9995.0,20.0,,,10004,1,10005.0,20.0,,,10000.0,0.0,8,4368.361257382462,2,21.0,21.0,42.0
-1,35000,RAINFOREST_RESIN,10002,1,9995.0,20.0,,,10005,20,,,,,10003.5,0.0,3,4369.000500686638,21,21.0,20.0,41.0
-1,35000,KELP,2025,1,2023.0,20.0,,,2026,20,,,,,2025.5,0.0,1,4369.137391980262,21,21.0,20.0,41.0
-1,35100,KELP,2023,31,,,,,2026,31,,,,,2024.5,0.0,3,4369.137391980262,62,31.0,31.0,62.0
-1,35100,RAINFOREST_RESIN,10002,3,9996.0,2.0,9995.0,29.0,10004,2,10005.0,29.0,,,10003.0,0.0,2,4369.27434764631,5,34.0,31.0,65.0
-1,35200,RAINFOREST_RESIN,9996,2,9995.0,28.0,,,10002,10,10004.0,2.0,10005.0,28.0,9999.0,0.0,6,4369.091916519964,12,30.0,40.0,70.0
-1,35200,KELP,2023,33,,,,,2026,30,,,,,2024.5,0.0,3,4368.72665372876,63,33.0,30.0,63.0
-1,35300,KELP,2023,20,,,,,2026,28,,,,,2024.5,0.0,3,4368.909208830059,48,20.0,28.0,48.0
-1,35300,RAINFOREST_RESIN,9998,6,9996.0,1.0,9995.0,27.0,10004,1,10005.0,27.0,,,10001.0,0.0,6,4368.9092088300595,7,34.0,28.0,62.0
-1,35400,RAINFOREST_RESIN,10002,3,9995.0,25.0,,,10005,25,,,,,10003.5,0.0,3,4369.000557907963,28,28.0,25.0,53.0
-1,35400,KELP,2025,1,2023.0,27.0,,,2026,25,,,,,2025.5,0.0,1,4369.411167422915,26,28.0,25.0,53.0
-1,35500,KELP,2023,28,,,,,2026,28,,,,,2024.5,0.0,3,4369.411167422915,56,28.0,28.0,56.0
-1,35500,RAINFOREST_RESIN,9996,2,9995.0,26.0,,,10004,2,10005.0,26.0,,,10000.0,0.0,8,4368.909180218798,4,28.0,28.0,56.0
-1,35600,RAINFOREST_RESIN,9995,26,,,,,10005,26,,,,,10000.0,0.0,10,4368.72665372876,52,26.0,26.0,52.0
-1,35600,KELP,2023,26,,,,,2026,26,,,,,2024.5,0.0,3,4368.17870227399,52,26.0,26.0,52.0
-1,35700,KELP,2023,29,,,,,2026,29,,,,,2024.5,0.0,3,4368.361257382462,58,29.0,29.0,58.0
-1,35700,RAINFOREST_RESIN,9996,2,9995.0,27.0,,,10004,2,10005.0,27.0,,,10000.0,0.0,8,4368.361257382463,4,29.0,29.0,58.0
-1,35800,RAINFOREST_RESIN,9998,7,9996.0,1.0,9995.0,30.0,10004,1,10005.0,30.0,,,10001.0,0.0,6,4368.543850644067,8,38.0,31.0,69.0
-1,35800,KELP,2023,29,,,,,2026,31,,,,,2024.5,0.0,3,4368.635132967743,60,29.0,31.0,60.0
-1,35900,KELP,2023,2,2022.0,21.0,,,2026,23,,,,,2024.5,0.0,3,4368.635132967743,25,23.0,23.0,46.0
-1,35900,RAINFOREST_RESIN,9996,2,9995.0,21.0,,,10004,2,10005.0,21.0,,,10000.0,0.0,8,4368.543850644067,4,23.0,23.0,46.0
-1,36000,RAINFOREST_RESIN,9995,30,,,,,10002,5,10005.0,30.0,,,9998.5,0.0,7,4368.270060905128,35,30.0,35.0,65.0
-1,36000,KELP,2022,30,,,,,2024,3,2026.0,30.0,,,2023.0,0.0,2,4368.22440185942,33,30.0,33.0,63.0
-1,36100,KELP,2022,26,,,,,2025,2,2026.0,24.0,,,2023.5,0.0,3,4368.406966503932,28,26.0,26.0,52.0
-1,36100,RAINFOREST_RESIN,10002,8,9996.0,2.0,9995.0,24.0,10004,2,10005.0,24.0,,,10003.0,0.0,2,4369.3200758241655,10,34.0,26.0,60.0
-1,36200,RAINFOREST_RESIN,9996,1,9995.0,29.0,,,9998,1,10004.0,1.0,10005.0,29.0,9997.0,0.0,2,4368.772610814174,2,30.0,31.0,61.0
-1,36200,KELP,2022,30,,,,,2025,1,2026.0,29.0,,,2023.5,0.0,3,4369.000786793255,31,30.0,30.0,60.0
-1,36300,KELP,2022,22,,,,,2024,6,2025.0,22.0,,,2023.0,0.0,2,4369.000786793255,28,22.0,28.0,50.0
-1,36300,RAINFOREST_RESIN,9996,1,9995.0,21.0,,,10004,1,10005.0,21.0,,,10000.0,0.0,8,4369.046429142187,2,22.0,22.0,44.0
-1,36400,RAINFOREST_RESIN,9998,1,9996.0,1.0,9995.0,20.0,10004,1,10005.0,20.0,,,10001.0,0.0,6,4368.681013761487,2,22.0,21.0,43.0
-1,36400,KELP,2024,1,2023.0,3.0,2022.0,21.0,2025,1,2026.0,20.0,,,2024.5,0.0,1,4369.091601809247,2,25.0,21.0,46.0
-1,36500,KELP,2022,25,,,,,2023,2,2025.0,25.0,,,2022.5,0.0,1,4369.27420460196,27,25.0,27.0,52.0
-1,36500,RAINFOREST_RESIN,9995,25,,,,,10005,25,,,,,10000.0,0.0,10,4369.091630419313,50,25.0,25.0,50.0
-1,36600,RAINFOREST_RESIN,9996,1,9995.0,28.0,,,10004,1,10005.0,28.0,,,10000.0,0.0,8,4369.091630419313,2,29.0,29.0,58.0
-1,36600,KELP,2022,29,,,,,2025,29,,,,,2023.5,0.0,3,4368.9090371624925,58,29.0,29.0,58.0
-1,36700,KELP,2021,21,,,,,2025,21,,,,,2023.0,0.0,4,4369.182855523455,42,21.0,21.0,42.0
-1,36700,RAINFOREST_RESIN,9995,21,,,,,10005,21,,,,,10000.0,0.0,10,4369.045914155641,42,21.0,21.0,42.0
-1,36800,RAINFOREST_RESIN,9995,30,,,,,10005,30,,,,,10000.0,0.0,10,4369.045914155641,60,30.0,30.0,60.0
-1,36800,KELP,2021,30,,,,,2025,30,,,,,2023.0,0.0,4,4369.091558894148,60,30.0,30.0,60.0
-1,36900,KELP,2021,27,,,,,2024,27,,,,,2022.5,0.0,3,4369.2741330797835,54,27.0,27.0,54.0
-1,36900,RAINFOREST_RESIN,9996,1,9995.0,26.0,,,10004,1,10005.0,26.0,,,10000.0,0.0,8,4369.319775434169,2,27.0,27.0,54.0
-1,37000,RAINFOREST_RESIN,9996,2,9995.0,23.0,,,10004,2,10005.0,23.0,,,10000.0,0.0,8,4369.319775434169,4,25.0,25.0,50.0
-1,37000,KELP,2020,25,,,,,2024,25,,,,,2022.0,0.0,4,4369.456716801311,50,25.0,25.0,50.0
-1,37100,KELP,2021,27,,,,,2024,23,,,,,2022.5,0.0,3,4369.547994358238,50,27.0,23.0,50.0
-1,37100,RAINFOREST_RESIN,9996,2,9995.0,21.0,,,10004,2,10005.0,21.0,,,10000.0,0.0,8,4369.593636712698,4,23.0,23.0,46.0
-1,37200,RAINFOREST_RESIN,9996,1,9995.0,20.0,,,10004,1,10005.0,20.0,,,10000.0,0.0,8,4369.593636712698,2,21.0,21.0,42.0
-1,37200,KELP,2021,25,,,,,2024,21,,,,,2022.5,0.0,3,4369.547994358238,46,25.0,21.0,46.0
-1,37300,KELP,2022,4,2021.0,28.0,,,2024,1,2025.0,27.0,,,2023.0,0.0,2,4369.365420172602,5,32.0,28.0,60.0
-1,37300,RAINFOREST_RESIN,9996,1,9995.0,27.0,,,9998,10,10002.0,4.0,10004.0,1.0,9997.0,0.0,2,4368.772224550063,11,28.0,15.0,43.0
-1,37400,RAINFOREST_RESIN,10002,1,9998.0,2.0,9995.0,30.0,10005,30,,,,,10003.5,0.0,3,4369.411668062429,31,33.0,30.0,63.0
-1,37400,KELP,2021,30,,,,,2024,30,,,,,2022.5,0.0,3,4369.502955142621,60,30.0,30.0,60.0
-1,37500,KELP,2020,27,,,,,2024,27,,,,,2022.0,0.0,4,4369.594251758405,54,27.0,27.0,54.0
-1,37500,RAINFOREST_RESIN,9996,2,9995.0,25.0,,,10004,2,10005.0,25.0,,,10000.0,0.0,8,4369.685529303008,4,27.0,27.0,54.0
-1,37600,KELP,2020,22,,,,,2024,22,,,,,2022.0,0.0,4,4370.597971101906,44,22.0,22.0,44.0
-1,37600,RAINFOREST_RESIN,9995,22,,,,,10002,7,10005.0,22.0,,,9998.5,0.0,7,4369.228521718691,29,22.0,29.0,51.0
-1,37700,RAINFOREST_RESIN,9996,1,9995.0,23.0,,,10004,1,10005.0,23.0,,,10000.0,0.0,8,4369.456745408988,2,24.0,24.0,48.0
-1,37700,KELP,2020,24,,,,,2024,24,,,,,2022.0,0.0,4,4369.456745408988,48,24.0,24.0,48.0
-1,37800,RAINFOREST_RESIN,9995,25,,,,,10005,25,,,,,10000.0,0.0,10,4369.456745408988,50,25.0,25.0,50.0
-1,37800,KELP,2020,24,,,,,2024,25,,,,,2022.0,0.0,4,4369.456745408988,49,24.0,25.0,49.0
-1,37900,KELP,2019,25,,,,,2023,25,,,,,2021.0,0.0,4,4369.913157031853,50,25.0,25.0,50.0
-1,37900,RAINFOREST_RESIN,9995,25,,,,,10005,25,,,,,10000.0,0.0,10,4369.913157031853,50,25.0,25.0,50.0
-1,38000,KELP,2019,32,,,,,2021,4,2023.0,32.0,,,2020.0,0.0,2,4370.278343538327,36,32.0,36.0,68.0
-1,38000,RAINFOREST_RESIN,10002,1,9996.0,2.0,9995.0,30.0,10004,2,10005.0,30.0,,,10003.0,0.0,2,4371.100056049976,3,33.0,32.0,65.0
-1,38100,RAINFOREST_RESIN,9996,2,9995.0,26.0,,,10002,2,10004.0,2.0,10005.0,26.0,9999.0,0.0,6,4370.917558133544,4,28.0,30.0,58.0
-1,38100,KELP,2019,28,,,,,2022,2,2023.0,26.0,,,2020.5,0.0,3,4371.054478040751,30,28.0,28.0,56.0
-1,38200,RAINFOREST_RESIN,9996,1,9995.0,27.0,,,10004,1,10005.0,27.0,,,10000.0,0.0,8,4371.054478040751,2,28.0,28.0,56.0
-1,38200,KELP,2019,28,,,,,2023,28,,,,,2021.0,0.0,4,4370.780616777752,56,28.0,28.0,56.0
-1,38300,KELP,2019,26,,,,,2022,26,,,,,2020.5,0.0,3,4370.187018309411,52,26.0,26.0,52.0
-1,38300,RAINFOREST_RESIN,9998,5,9995.0,26.0,,,10005,26,,,,,10001.5,0.0,7,4370.871689377314,31,31.0,26.0,57.0
-1,38400,KELP,2019,24,,,,,2020,6,2022.0,24.0,,,2019.5,0.0,1,4371.054292158827,30,24.0,30.0,54.0
-1,38400,RAINFOREST_RESIN,9996,1,9995.0,23.0,,,10000,6,10004.0,1.0,10005.0,23.0,9998.0,0.0,4,4370.50671261355,7,24.0,30.0,54.0
-1,38500,RAINFOREST_RESIN,10002,1,9995.0,21.0,,,10005,21,,,,,10003.5,0.0,3,4371.374188970799,22,22.0,21.0,43.0
-1,38500,KELP,2019,21,,,,,2022,21,,,,,2020.5,0.0,3,4371.374188970799,42,21.0,21.0,42.0
-1,38600,RAINFOREST_RESIN,9996,2,9995.0,28.0,,,10004,2,10005.0,28.0,,,10000.0,0.0,8,4371.100327720711,4,30.0,30.0,60.0
-1,38600,KELP,2019,30,,,,,2022,30,,,,,2020.5,0.0,3,4370.826452171272,60,30.0,30.0,60.0
-1,38700,KELP,2019,20,,,,,2022,20,,,,,2020.5,0.0,3,4371.5108372278,40,20.0,20.0,40.0
-1,38700,RAINFOREST_RESIN,9995,20,,,,,10005,20,,,,,10000.0,0.0,10,4370.552147612484,40,20.0,20.0,40.0
-1,38800,KELP,2019,21,,,,,2020,2,2021.0,1.0,2022.0,21.0,2019.5,0.0,1,4370.734740864526,23,21.0,24.0,45.0
-1,38800,RAINFOREST_RESIN,9996,1,9995.0,20.0,,,10002,1,10004.0,1.0,10005.0,20.0,9999.0,0.0,6,4370.46089388752,2,21.0,22.0,43.0
-1,38900,RAINFOREST_RESIN,9996,2,9995.0,30.0,,,10004,2,10005.0,30.0,,,10000.0,0.0,8,4370.643468071962,4,32.0,32.0,64.0
-1,38900,KELP,2019,32,,,,,2021,7,2022.0,2.0,2023.0,30.0,2020.0,0.0,2,4370.780387985664,39,32.0,39.0,71.0
-1,39000,RAINFOREST_RESIN,9995,23,,,,,10002,9,10005.0,23.0,,,9998.5,0.0,7,4370.506541008732,32,23.0,32.0,55.0
-1,39000,KELP,2019,23,,,,,2023,23,,,,,2021.0,0.0,4,4370.095759820385,46,23.0,23.0,46.0
-1,39100,KELP,2020,25,,,,,2023,25,,,,,2021.5,0.0,3,4369.958847060244,50,25.0,25.0,50.0
-1,39100,RAINFOREST_RESIN,9998,8,9996.0,1.0,9995.0,24.0,10004,1,10005.0,24.0,,,10001.0,0.0,6,4370.23276554008,9,33.0,25.0,58.0
-1,39200,KELP,2020,30,,,,,2022,2,2023.0,30.0,,,2021.0,0.0,2,4370.050162755583,32,30.0,32.0,62.0
-1,39200,RAINFOREST_RESIN,9996,1,9995.0,29.0,,,10004,1,10005.0,29.0,,,10000.0,0.0,8,4370.460879586969,2,30.0,30.0,60.0
-1,39300,RAINFOREST_RESIN,9995,27,,,,,10005,27,,,,,10000.0,0.0,10,4370.32395252344,54,27.0,27.0,54.0
-1,39300,KELP,2020,27,,,,,2023,27,,,,,2021.5,0.0,3,4370.32395252344,54,27.0,27.0,54.0
-1,39400,RAINFOREST_RESIN,9996,1,9995.0,30.0,,,10004,1,10005.0,30.0,,,10000.0,0.0,8,4370.141359269755,2,31.0,31.0,62.0
-1,39400,KELP,2020,31,,,,,2022,5,2023.0,31.0,,,2021.0,0.0,2,4370.141359269755,36,31.0,36.0,67.0
-1,39500,KELP,2019,27,,,,,2021,3,2022.0,27.0,,,2020.0,0.0,2,4370.3696067953,30,27.0,30.0,57.0
-1,39500,RAINFOREST_RESIN,9995,27,,,,,9998,1,10002.0,2.0,10005.0,27.0,9996.5,0.0,3,4369.411267550824,28,27.0,30.0,57.0
-1,39600,KELP,2021,4,2019.0,23.0,,,2023,23,,,,,2022.0,0.0,2,4369.320004302741,27,27.0,23.0,50.0
-1,39600,RAINFOREST_RESIN,9995,23,,,,,10005,23,,,,,10000.0,0.0,10,4369.320004302741,46,23.0,23.0,46.0
-1,39700,RAINFOREST_RESIN,9996,2,9995.0,22.0,,,10004,2,10005.0,22.0,,,10000.0,0.0,8,4369.63956751585,4,24.0,24.0,48.0
-1,39700,KELP,2019,28,,,,,2022,2,2023.0,22.0,,,2020.5,0.0,3,4369.502611854135,30,28.0,24.0,52.0
-1,39800,RAINFOREST_RESIN,9996,1,9995.0,27.0,,,10004,1,10005.0,27.0,,,10000.0,0.0,8,4370.141387872949,2,28.0,28.0,56.0
-1,39800,KELP,2019,28,,,,,2022,1,2023.0,27.0,,,2020.5,0.0,3,4370.552147612485,29,28.0,28.0,56.0
-1,39900,KELP,2019,31,,,,,2022,31,,,,,2020.5,0.0,3,4370.552147612484,62,31.0,31.0,62.0
-1,39900,RAINFOREST_RESIN,9996,1,9995.0,30.0,,,10002,4,10004.0,1.0,10005.0,30.0,9999.0,0.0,6,4370.278300634881,5,31.0,35.0,66.0
-1,40000,KELP,2018,22,,,,,2022,22,,,,,2020.0,0.0,4,4370.3695924944495,44,22.0,22.0,44.0
-1,40000,RAINFOREST_RESIN,9995,22,,,,,10005,22,,,,,10000.0,0.0,10,4370.3695924944495,44,22.0,22.0,44.0
-1,40100,RAINFOREST_RESIN,9996,2,9995.0,29.0,,,10002,8,10004.0,2.0,10005.0,29.0,9999.0,0.0,6,4370.32395252344,10,31.0,39.0,70.0
-1,40100,KELP,2019,31,,,,,2022,31,,,,,2020.5,0.0,3,4370.32395252344,62,31.0,31.0,62.0
-1,40200,RAINFOREST_RESIN,9996,1,9995.0,28.0,,,10004,1,10005.0,28.0,,,10000.0,0.0,8,4370.50652670833,2,29.0,29.0,58.0
-1,40200,KELP,2019,1,2018.0,28.0,,,2022,29,,,,,2020.5,0.0,3,4370.36959249445,30,29.0,29.0,58.0
-1,40300,KELP,2019,22,,,,,2022,22,,,,,2020.5,0.0,3,4370.278300634881,44,22.0,22.0,44.0
-1,40300,RAINFOREST_RESIN,9995,22,,,,,9998,1,10005.0,22.0,,,9996.5,0.0,3,4369.593808353369,23,22.0,23.0,45.0
-1,40400,KELP,2018,24,,,,,2022,24,,,,,2020.0,0.0,4,4369.685100210323,48,24.0,24.0,48.0
-1,40400,RAINFOREST_RESIN,9996,1,9995.0,23.0,,,10004,1,10005.0,23.0,,,10000.0,0.0,8,4369.685100210323,2,24.0,24.0,48.0
-1,40500,RAINFOREST_RESIN,10002,1,9996.0,2.0,9995.0,27.0,10004,2,10005.0,27.0,,,10003.0,0.0,2,4370.598400104968,3,30.0,29.0,59.0
-1,40500,KELP,2019,1,2018.0,27.0,,,2022,29,,,,,2020.5,0.0,3,4370.598400104968,30,28.0,29.0,57.0
-1,40600,RAINFOREST_RESIN,9996,2,9995.0,24.0,,,10004,2,10005.0,24.0,,,10000.0,0.0,8,4371.236975960021,4,26.0,26.0,52.0
-1,40600,KELP,2019,4,2018.0,26.0,,,2022,26,,,,,2020.5,0.0,3,4371.100041751516,30,30.0,26.0,56.0
-1,40700,KELP,2018,22,,,,,2021,22,,,,,2019.5,0.0,3,4371.556453369909,44,22.0,22.0,44.0
-1,40700,RAINFOREST_RESIN,9998,7,9996.0,2.0,9995.0,20.0,10004,2,10005.0,20.0,,,10001.0,0.0,6,4371.008616440844,9,29.0,22.0,51.0
-1,40800,KELP,2018,27,,,,,2021,27,,,,,2019.5,0.0,3,4371.191190625285,54,27.0,27.0,54.0
-1,40800,RAINFOREST_RESIN,9995,27,,,,,10005,27,,,,,10000.0,0.0,10,4371.191190625285,54,27.0,27.0,54.0
-1,40900,RAINFOREST_RESIN,9998,10,9996.0,2.0,9995.0,26.0,10004,2,10005.0,26.0,,,10001.0,0.0,6,4371.465037604682,12,38.0,28.0,66.0
-1,40900,KELP,2017,28,,,,,2021,28,,,,,2019.0,0.0,4,4371.601971817666,56,28.0,28.0,56.0
-1,41000,RAINFOREST_RESIN,9995,21,,,,,10002,10,10005.0,21.0,,,9998.5,0.0,7,4371.145607846998,31,21.0,31.0,52.0
-1,41000,KELP,2018,20,,,,,2020,3,2021.0,21.0,,,2019.0,0.0,2,4371.28253490896,23,20.0,24.0,44.0
-1,41100,KELP,2018,24,,,,,2021,27,,,,,2019.5,0.0,3,4371.145607846997,51,24.0,27.0,51.0
-1,41100,RAINFOREST_RESIN,9995,27,,,,,10005,27,,,,,10000.0,0.0,10,4370.871689377314,54,27.0,27.0,54.0
-1,41200,KELP,2018,29,,,,,2021,29,,,,,2019.5,0.0,3,4370.780402285168,58,29.0,29.0,58.0
-1,41200,RAINFOREST_RESIN,9995,29,,,,,10005,29,,,,,10000.0,0.0,10,4371.19116202896,58,29.0,29.0,58.0
-1,41300,RAINFOREST_RESIN,9998,2,9996.0,1.0,9995.0,24.0,10004,1,10005.0,24.0,,,10001.0,0.0,6,4371.282463419643,3,27.0,25.0,52.0
-1,41300,KELP,2017,25,,,,,2019,4,2021.0,25.0,,,2018.0,0.0,2,4371.69328750315,29,25.0,29.0,54.0
-1,41400,RAINFOREST_RESIN,9998,5,9996.0,2.0,9995.0,23.0,10000,4,10004.0,2.0,10005.0,23.0,9999.0,0.0,2,4371.5107514451,9,30.0,29.0,59.0
-1,41400,KELP,2017,25,,,,,2018,4,2019.0,5.0,2020.0,25.0,2017.5,0.0,1,4372.058445400759,29,25.0,34.0,59.0
-1,41500,KELP,2017,22,,,,,2019,1,2021.0,22.0,,,2018.0,0.0,2,4372.012803046224,23,22.0,23.0,45.0
-1,41500,RAINFOREST_RESIN,9998,8,9996.0,2.0,9995.0,20.0,10004,2,10005.0,20.0,,,10001.0,0.0,6,4372.012803046224,10,30.0,22.0,52.0
-1,41600,KELP,2017,23,,,,,2019,7,2020.0,1.0,2021.0,22.0,2018.0,0.0,2,4372.012803046224,30,23.0,30.0,53.0
-1,41600,RAINFOREST_RESIN,9996,1,9995.0,22.0,,,10004,1,10005.0,22.0,,,10000.0,0.0,8,4372.286621437357,2,23.0,23.0,46.0
-1,41700,RAINFOREST_RESIN,10000,5,9995.0,21.0,,,10005,21,,,,,10002.5,0.0,5,4372.560554183338,26,26.0,21.0,47.0
-1,41700,KELP,2019,4,2017.0,21.0,,,2021,21,,,,,2020.0,0.0,2,4372.012888819074,25,25.0,21.0,46.0
-1,41800,RAINFOREST_RESIN,9996,2,9995.0,22.0,,,10004,2,10005.0,22.0,,,10000.0,0.0,8,4371.830343231551,4,24.0,24.0,48.0
-1,41800,KELP,2018,24,,,,,2021,24,,,,,2019.5,0.0,3,4371.419497714684,48,24.0,24.0,48.0
-1,41900,KELP,2018,22,,,,,2020,1,2021.0,22.0,,,2019.0,0.0,2,4371.7846270144755,23,22.0,23.0,45.0
-1,41900,RAINFOREST_RESIN,9996,1,9995.0,21.0,,,9998,4,10004.0,1.0,10005.0,21.0,9997.0,0.0,2,4370.278429345217,5,22.0,26.0,48.0
-1,42000,KELP,2018,31,,,,,2020,5,2021.0,32.0,,,2019.0,0.0,2,4370.460993991377,36,31.0,37.0,68.0
-1,42000,RAINFOREST_RESIN,9996,2,9995.0,30.0,,,10004,2,10005.0,30.0,,,10000.0,0.0,8,4370.460993991377,4,32.0,32.0,64.0
-1,42100,RAINFOREST_RESIN,9998,8,9996.0,2.0,9995.0,21.0,10004,2,10005.0,21.0,,,10001.0,0.0,6,4371.008830922228,10,31.0,23.0,54.0
-1,42100,KELP,2018,23,,,,,2021,2,2022.0,21.0,,,2019.5,0.0,3,4370.871903865418,25,23.0,23.0,46.0
-1,42200,RAINFOREST_RESIN,10002,1,9995.0,28.0,,,10005,28,,,,,10003.5,0.0,3,4372.05857405869,29,29.0,28.0,57.0
-1,42200,KELP,2018,28,,,,,2022,28,,,,,2020.0,0.0,4,4371.784712791802,56,28.0,28.0,56.0
-1,42300,KELP,2018,20,,,,,2019,7,2020.0,2.0,2022.0,20.0,2018.5,0.0,1,4372.423655708593,27,20.0,29.0,49.0
-1,42300,RAINFOREST_RESIN,9995,20,,,,,10005,20,,,,,10000.0,0.0,10,4372.149880207688,40,20.0,20.0,40.0
-1,42400,KELP,2019,30,,,,,2022,31,,,,,2020.5,0.0,3,4371.967334621806,61,30.0,31.0,61.0
-1,42400,RAINFOREST_RESIN,9996,2,9995.0,29.0,,,10004,2,10005.0,29.0,,,10000.0,0.0,8,4371.008645038362,4,31.0,31.0,62.0
-1,42500,RAINFOREST_RESIN,9995,24,,,,,10002,3,10005.0,24.0,,,9998.5,0.0,7,4370.826108986733,27,24.0,27.0,51.0
-1,42500,KELP,2019,24,,,,,2022,24,,,,,2020.5,0.0,3,4370.278329237179,48,24.0,24.0,48.0
-1,42600,RAINFOREST_RESIN,9995,26,,,,,10005,26,,,,,10000.0,0.0,10,4370.278329237179,52,26.0,26.0,52.0
-1,42600,KELP,2019,26,,,,,2022,26,,,,,2020.5,0.0,3,4370.278329237179,52,26.0,26.0,52.0
-1,42700,KELP,2018,26,,,,,2022,26,,,,,2020.0,0.0,4,4370.232679732293,52,26.0,26.0,52.0
-1,42700,RAINFOREST_RESIN,9995,26,,,,,10005,26,,,,,10000.0,0.0,10,4370.643439472054,52,26.0,26.0,52.0
-1,42800,KELP,2019,30,,,,,2022,30,,,,,2020.5,0.0,3,4370.643439472054,60,30.0,30.0,60.0
-1,42800,RAINFOREST_RESIN,9995,30,,,,,10005,30,,,,,10000.0,0.0,10,4370.643439472054,60,30.0,30.0,60.0
-1,42900,RAINFOREST_RESIN,9995,25,,,,,10005,25,,,,,10000.0,0.0,10,4370.689081826812,50,25.0,25.0,50.0
-1,42900,KELP,2019,25,,,,,2022,25,,,,,2020.5,0.0,3,4370.552147612485,50,25.0,25.0,50.0
-1,43000,RAINFOREST_RESIN,9995,23,,,,,10005,23,,,,,10000.0,0.0,10,4370.552147612485,46,23.0,23.0,46.0
-1,43000,KELP,2020,2,2019.0,23.0,,,2023,23,,,,,2021.5,0.0,3,4370.278300634881,25,25.0,23.0,48.0
-1,43100,KELP,2020,21,,,,,2023,21,,,,,2021.5,0.0,3,4370.187018309411,42,21.0,21.0,42.0
-1,43100,RAINFOREST_RESIN,9995,21,,,,,10005,21,,,,,10000.0,0.0,10,4370.187018309411,42,21.0,21.0,42.0
-1,43200,KELP,2019,21,,,,,2023,21,,,,,2021.0,0.0,4,4370.095716915145,42,21.0,21.0,42.0
-1,43200,RAINFOREST_RESIN,9996,1,9995.0,20.0,,,10004,1,10005.0,20.0,,,10000.0,0.0,8,4370.095716915145,2,21.0,21.0,42.0
-1,43300,RAINFOREST_RESIN,9996,1,9995.0,24.0,,,10004,1,10005.0,24.0,,,10000.0,0.0,8,4370.141359269755,2,25.0,25.0,50.0
-1,43300,KELP,2019,25,,,,,2021,2,2023.0,25.0,,,2020.0,0.0,2,4370.552161912738,27,25.0,27.0,52.0
-1,43400,RAINFOREST_RESIN,9996,2,9995.0,22.0,,,10004,2,10005.0,22.0,,,10000.0,0.0,8,4370.552161912738,4,24.0,24.0,48.0
-1,43400,KELP,2021,4,2020.0,24.0,,,2023,24,,,,,2022.0,0.0,2,4370.278343538327,28,28.0,24.0,52.0
-1,43500,KELP,2020,22,,,,,2022,7,2023.0,23.0,,,2021.0,0.0,2,4370.278343538327,29,22.0,30.0,52.0
-1,43500,RAINFOREST_RESIN,9998,7,9995.0,23.0,,,10005,23,,,,,10001.5,0.0,7,4370.689167625639,30,30.0,23.0,53.0
-1,43600,KELP,2020,5,2019.0,21.0,,,2023,23,,,,,2021.5,0.0,3,4370.415263450385,28,26.0,23.0,49.0
-1,43600,RAINFOREST_RESIN,9996,2,9995.0,21.0,,,10002,9,10004.0,2.0,10005.0,21.0,9999.0,0.0,6,4370.141459380932,11,23.0,32.0,55.0
-1,43700,KELP,2020,24,,,,,2023,24,,,,,2021.5,0.0,3,4370.232736937485,48,24.0,24.0,48.0
-1,43700,RAINFOREST_RESIN,9996,1,9995.0,23.0,,,10004,1,10005.0,23.0,,,10000.0,0.0,8,4370.095802725622,2,24.0,24.0,48.0
-1,43800,RAINFOREST_RESIN,9996,2,9995.0,26.0,,,10004,2,10005.0,26.0,,,10000.0,0.0,8,4369.821869939335,4,28.0,28.0,56.0
-1,43800,KELP,2020,35,,,,,2023,28,,,,,2021.5,0.0,3,4369.821869939335,63,35.0,28.0,63.0
-1,43900,KELP,2020,36,,,,,2023,30,,,,,2021.5,0.0,3,4370.004425054979,66,36.0,30.0,66.0
-1,43900,RAINFOREST_RESIN,10002,4,9998.0,2.0,9996.0,1.0,10004,1,10005.0,29.0,,,10003.0,0.0,2,4370.552319215513,5,7.0,30.0,37.0
-1,44000,RAINFOREST_RESIN,9996,2,9995.0,20.0,,,10004,2,10005.0,20.0,,,10000.0,0.0,8,4370.552319215513,4,22.0,22.0,44.0
-1,44000,KELP,2020,22,,,,,2022,3,2023.0,22.0,,,2021.0,0.0,2,4370.917429442027,25,22.0,25.0,47.0
-1,44100,KELP,2019,24,,,,,2023,24,,,,,2021.0,0.0,4,4371.008716532157,48,24.0,24.0,48.0
-1,44100,RAINFOREST_RESIN,9995,24,,,,,9998,1,10002.0,2.0,10005.0,24.0,9996.5,0.0,3,4370.1876046687175,25,24.0,27.0,51.0
-1,44200,RAINFOREST_RESIN,9995,21,,,,,10005,21,,,,,10000.0,0.0,10,4369.639510302893,42,21.0,21.0,42.0
-1,44200,KELP,2019,21,,,,,2023,21,,,,,2021.0,0.0,4,4369.319947085599,42,21.0,21.0,42.0
-1,44300,KELP,2019,27,,,,,2023,27,,,,,2021.0,0.0,4,4369.319947085599,54,27.0,27.0,54.0
-1,44300,RAINFOREST_RESIN,9995,27,,,,,10005,27,,,,,10000.0,0.0,10,4369.639510302893,54,27.0,27.0,54.0
-1,44400,RAINFOREST_RESIN,9998,7,9995.0,28.0,,,10005,28,,,,,10001.5,0.0,7,4370.552190513242,35,35.0,28.0,63.0
-1,44400,KELP,2018,28,,,,,2022,28,,,,,2020.0,0.0,4,4370.871703676522,56,28.0,28.0,56.0
-1,44500,KELP,2021,1,2019.0,2.0,2018.0,21.0,2022,21,,,,,2021.5,0.0,1,4370.7804308841805,22,24.0,21.0,45.0
-1,44500,RAINFOREST_RESIN,9995,21,,,,,10005,21,,,,,10000.0,0.0,10,4370.689153325835,42,21.0,21.0,42.0
-1,44600,RAINFOREST_RESIN,9996,1,9995.0,23.0,,,10004,1,10005.0,23.0,,,10000.0,0.0,8,4370.689153325835,2,24.0,24.0,48.0
-1,44600,KELP,2019,24,,,,,2022,24,,,,,2020.5,0.0,3,4370.46089388752,48,24.0,24.0,48.0
-1,44700,KELP,2019,29,,,,,2022,29,,,,,2020.5,0.0,3,4370.3695924944495,58,29.0,29.0,58.0
-1,44700,RAINFOREST_RESIN,9995,29,,,,,10002,10,10005.0,29.0,,,9998.5,0.0,7,4370.278329237178,39,29.0,39.0,68.0
-1,44800,RAINFOREST_RESIN,9995,29,,,,,9998,1,10002.0,10.0,10005.0,29.0,9996.5,0.0,3,4369.639453089934,30,29.0,40.0,69.0
-1,44800,KELP,2018,29,,,,,2022,29,,,,,2020.0,0.0,4,4369.274190297526,58,29.0,29.0,58.0
-1,44900,KELP,2019,1,2018.0,26.0,,,2022,26,,,,,2020.5,0.0,3,4369.274190297526,27,27.0,26.0,53.0
-1,44900,RAINFOREST_RESIN,9996,1,9995.0,25.0,,,10004,1,10005.0,25.0,,,10000.0,0.0,8,4369.776387299481,2,26.0,26.0,52.0
-1,45000,RAINFOREST_RESIN,10002,1,9996.0,2.0,9995.0,24.0,10004,2,10005.0,24.0,,,10003.0,0.0,2,4370.598400104967,3,27.0,26.0,53.0
-1,45000,KELP,2018,26,,,,,2022,26,,,,,2020.0,0.0,4,4371.556439072941,52,26.0,26.0,52.0
-1,45100,KELP,2019,27,,,,,2021,5,2022.0,27.0,,,2020.0,0.0,2,4371.556439072941,32,27.0,32.0,59.0
-1,45100,RAINFOREST_RESIN,9996,1,9995.0,26.0,,,10004,1,10005.0,26.0,,,10000.0,0.0,8,4371.373903019518,2,27.0,27.0,54.0
-1,45200,RAINFOREST_RESIN,9996,1,9995.0,28.0,,,10004,1,10005.0,28.0,,,10000.0,0.0,8,4371.373903019518,2,29.0,29.0,58.0
-1,45200,KELP,2019,29,,,,,2021,6,2022.0,29.0,,,2020.0,0.0,2,4370.8260088912375,35,29.0,35.0,64.0
-1,45300,KELP,2018,26,,,,,2021,22,,,,,2019.5,0.0,3,4370.917300750508,48,26.0,22.0,48.0
-1,45300,RAINFOREST_RESIN,9995,22,,,,,10005,22,,,,,10000.0,0.0,10,4370.962943105341,44,22.0,22.0,44.0
-1,45400,RAINFOREST_RESIN,9996,2,9995.0,21.0,,,9998,1,10004.0,2.0,10005.0,21.0,9997.0,0.0,2,4370.4153921566885,3,23.0,24.0,47.0
-1,45400,KELP,2018,22,,,,,2020,2,2021.0,23.0,,,2019.0,0.0,2,4370.278429345218,24,22.0,25.0,47.0
-1,45500,KELP,2018,25,,,,,2019,3,2021.0,25.0,,,2018.5,0.0,1,4370.552290615009,28,25.0,28.0,53.0
-1,45500,RAINFOREST_RESIN,9996,1,9995.0,24.0,,,10000,3,10004.0,1.0,10005.0,24.0,9998.0,0.0,4,4370.597928201598,4,25.0,28.0,53.0
-1,45600,RAINFOREST_RESIN,9995,26,,,,,10002,5,10005.0,26.0,,,9998.5,0.0,7,4370.323966824439,31,26.0,31.0,57.0
-1,45600,KELP,2018,33,,,,,2021,26,,,,,2019.5,0.0,3,4370.415234848984,59,33.0,26.0,59.0
-1,45700,KELP,2018,24,,,,,2021,24,,,,,2019.5,0.0,3,4370.323952523439,48,24.0,24.0,48.0
-1,45700,RAINFOREST_RESIN,9995,24,,,,,10005,24,,,,,10000.0,0.0,10,4370.460922488623,48,24.0,24.0,48.0
-1,45800,RAINFOREST_RESIN,9996,1,9995.0,27.0,,,10004,1,10005.0,27.0,,,10000.0,0.0,8,4370.826051789307,2,28.0,28.0,56.0
-1,45800,KELP,2018,27,,,,,2021,28,,,,,2019.5,0.0,3,4371.09987016999,55,27.0,28.0,55.0
-1,45900,KELP,2019,4,2018.0,31.0,,,2022,31,,,,,2020.5,0.0,3,4370.917315049565,35,35.0,31.0,66.0
-1,45900,RAINFOREST_RESIN,9996,1,9995.0,30.0,,,10004,1,10005.0,30.0,,,10000.0,0.0,8,4370.826023190593,2,31.0,31.0,62.0
-1,46000,RAINFOREST_RESIN,9996,2,9995.0,24.0,,,10004,2,10005.0,24.0,,,10000.0,0.0,8,4370.826023190593,4,26.0,26.0,52.0
-1,46000,KELP,2019,2,2018.0,24.0,,,2022,26,,,,,2020.5,0.0,3,4370.734740864526,28,26.0,26.0,52.0
-1,46100,KELP,2019,25,,,,,2022,25,,,,,2020.5,0.0,3,4370.552147612484,50,25.0,25.0,50.0
-1,46100,RAINFOREST_RESIN,9998,6,9996.0,2.0,9995.0,23.0,10004,2,10005.0,23.0,,,10001.0,0.0,6,4370.734740864526,8,31.0,25.0,56.0
-1,46200,RAINFOREST_RESIN,9998,2,9996.0,1.0,9995.0,27.0,10004,1,10005.0,27.0,,,10001.0,0.0,6,4370.917315049565,3,30.0,28.0,58.0
-1,46200,KELP,2018,28,,,,,2021,1,2022.0,27.0,,,2019.5,0.0,3,4371.282463419643,29,28.0,28.0,56.0
-1,46300,KELP,2018,29,,,,,2021,29,,,,,2019.5,0.0,3,4371.465037604681,58,29.0,29.0,58.0
-1,46300,RAINFOREST_RESIN,9996,2,9995.0,27.0,,,10004,2,10005.0,27.0,,,10000.0,0.0,8,4371.465037604681,4,29.0,29.0,58.0
-1,46400,RAINFOREST_RESIN,9995,22,,,,,10005,22,,,,,10000.0,0.0,10,4371.282463419643,44,22.0,22.0,44.0
-1,46400,KELP,2018,22,,,,,2022,22,,,,,2020.0,0.0,4,4371.008587843326,44,22.0,22.0,44.0
-1,46500,KELP,2019,6,2018.0,31.0,,,2021,31,,,,,2020.0,0.0,2,4370.917300750508,37,37.0,31.0,68.0
-1,46500,RAINFOREST_RESIN,10000,6,9996.0,1.0,9995.0,30.0,10004,1,10005.0,30.0,,,10002.0,0.0,4,4371.191233519771,7,37.0,31.0,68.0
-1,46600,KELP,2019,3,2018.0,28.0,,,2021,1,2022.0,27.0,,,2020.0,0.0,2,4371.373788639002,4,31.0,28.0,59.0
-1,46600,RAINFOREST_RESIN,9998,10,9996.0,1.0,9995.0,27.0,10004,1,10005.0,27.0,,,10001.0,0.0,6,4371.647607024164,11,38.0,28.0,66.0
-1,46700,RAINFOREST_RESIN,9995,26,,,,,10005,26,,,,,10000.0,0.0,10,4371.373788639003,52,26.0,26.0,52.0
-1,46700,KELP,2019,26,,,,,2022,26,,,,,2020.5,0.0,3,4371.236861575921,52,26.0,26.0,52.0
-1,46800,RAINFOREST_RESIN,9996,1,9995.0,21.0,,,10004,1,10005.0,21.0,,,10000.0,0.0,8,4370.871675078108,2,22.0,22.0,44.0
-1,46800,KELP,2019,22,,,,,2022,22,,,,,2020.5,0.0,3,4370.734740864527,44,22.0,22.0,44.0
-1,46900,KELP,2021,1,2019.0,32.0,,,2022,32,,,,,2021.5,0.0,1,4370.3695924944495,33,33.0,32.0,65.0
-1,46900,RAINFOREST_RESIN,9996,2,9995.0,30.0,,,10004,2,10005.0,30.0,,,10000.0,0.0,8,4370.3695924944495,4,32.0,32.0,64.0
-1,47000,KELP,2019,21,,,,,2022,21,,,,,2020.5,0.0,3,4370.3695924944495,42,21.0,21.0,42.0
-1,47000,RAINFOREST_RESIN,9996,1,9995.0,20.0,,,10004,1,10005.0,20.0,,,10000.0,0.0,8,4370.3695924944495,2,21.0,21.0,42.0
-1,47100,RAINFOREST_RESIN,9996,2,9995.0,24.0,,,9998,1,10004.0,2.0,10005.0,24.0,9997.0,0.0,2,4369.730749714462,3,26.0,27.0,53.0
-1,47100,KELP,2019,22,,,,,2022,26,,,,,2020.5,0.0,3,4370.004596679518,48,22.0,26.0,48.0
-1,47200,RAINFOREST_RESIN,10002,1,9996.0,2.0,9995.0,28.0,10004,2,10005.0,28.0,,,10003.0,0.0,2,4370.552662421552,3,31.0,30.0,61.0
-1,47200,KELP,2019,30,,,,,2022,30,,,,,2020.5,0.0,3,4370.552662421552,60,30.0,30.0,60.0
-1,47300,KELP,2019,25,,,,,2021,1,2022.0,25.0,,,2020.0,0.0,2,4370.6439542703665,26,25.0,26.0,51.0
-1,47300,RAINFOREST_RESIN,10002,1,9998.0,3.0,9995.0,25.0,10005,25,,,,,10003.5,0.0,3,4372.423541355539,26,29.0,25.0,54.0
-1,47400,KELP,2019,25,,,,,2022,24,,,,,2020.5,0.0,3,4372.423541355539,49,25.0,24.0,49.0
-1,47400,RAINFOREST_RESIN,9995,24,,,,,10002,9,10005.0,24.0,,,9998.5,0.0,7,4371.191519483001,33,24.0,33.0,57.0
-1,47500,RAINFOREST_RESIN,9995,30,,,,,10002,1,10005.0,30.0,,,9998.5,0.0,7,4370.780845569829,31,30.0,31.0,61.0
-1,47500,KELP,2019,30,,,,,2021,6,2022.0,30.0,,,2020.0,0.0,2,4370.780845569829,36,30.0,36.0,66.0
-1,47600,RAINFOREST_RESIN,9996,1,9995.0,27.0,,,10004,1,10005.0,27.0,,,10000.0,0.0,8,4370.141402174546,2,28.0,28.0,56.0
-1,47600,KELP,2019,28,,,,,2022,28,,,,,2020.5,0.0,3,4370.141402174546,56,28.0,28.0,56.0
-1,47700,KELP,2019,23,,,,,2022,23,,,,,2020.5,0.0,3,4370.232679732293,46,23.0,23.0,46.0
-1,47700,RAINFOREST_RESIN,9996,1,9995.0,22.0,,,10002,8,10004.0,1.0,10005.0,22.0,9999.0,0.0,6,4370.3695924944495,9,23.0,31.0,54.0
-1,47800,KELP,2019,23,,,,,2022,1,2023.0,22.0,,,2020.5,0.0,3,4370.278300634881,24,23.0,23.0,46.0
-1,47800,RAINFOREST_RESIN,9996,1,9995.0,22.0,,,10002,8,10004.0,1.0,10005.0,22.0,9999.0,0.0,6,4370.004425054979,9,23.0,31.0,54.0
